3409 4784
592 556 654 612 Aer.
669 555 702 610 ΙΙ.
723 555 766 612 Sc.
777 558 810 621 11,
824 559 858 613 53
872 589 910 601 -
922 561 965 613 80.

645 724 889 772 AMPHITRUO.

940 827 997 883 quo
1011 811 1040 866 in
1051 810 1128 867 ioco‘?

658 926 880 973 ALCUMENA.

289 1008 339 1060 Hic
352 1008 381 1061 in
394 1005 518 1071 aedibus,
531 1006 580 1063 ubi
594 1017 623 1064 tu
635 1008 751 1064 habitas.

644 1127 889 1174 AMPHITRUO.

728 1228 882 1282 numquam
896 1209 998 1266 factum
1013 1220 1063 1267 est.

704 1328 832 1379 SOSIA„

1064 1429 1118 1467 non
1129 1411 1220 1468 taces?
1274 1410 1335 1489 [wc]

287 1499 360 1568 Quid
371 1501 512 1573 sieportn
524 1502 604 1556 navis
617 1500 673 1556 huc
682 1517 734 1556 noa
743 1501 905 1557 dormientis
916 1500 1032 1557 detulit?
1302 1507 1336 1560 70

640 1636 887 1683 AMPHITRUO.

288 1720 377 1774 Etiam
391 1728 420 1775 tu
429 1737 540 1792 quoque
550 1719 700 1776 adsentaris
713 1718 798 1775 huic?

700 1857 716 1899 S
724 1856 746 1900 Ο
753 1856 769 1898 S
775 1855 787 1898 1
792 1855 823 1900 A.

788 1937 857 2011 quid
868 1938 910 1991 vis
922 1936 998 1992 fieri‘i

286 2030 344 2083 Non
357 2030 461 2095 tuscis,
473 2028 594 2084 Bacchae
606 2029 749 2087 bacchanti
762 2029 787 2085 si
798 2028 867 2084 veiis
880 2029 1059 2093 adversarior,

285 2121 328 2175 Ex
338 2121 433 2175 insana
444 2121 609 2176 insaniorem
622 2119 715 2185 facies,
728 2119 806 2175 feriet
819 2122 938 2192 saepius,

285 2211 313 2267 Si
324 2211 484 2285 obsequere,
501 2230 554 2267 una
565 2212 686 2267 resolvas
700 2211 789 2286 plaga.

639 2346 883 2395 AMPHITRUO.

780 2437 808 2484 at
815 2428 861 2502 poi
872 2431 940 2502 quin
952 2437 1024 2484 certa
1036 2447 1080 2485 res

285 2524 359 2579 Hanc
369 2531 410 2578 est
418 2522 573 2597 obiurgare,
584 2539 656 2594 quae
665 2538 710 2577 me
723 2521 805 2578 hodie
815 2520 1005 2577 advenientem
1016 2521 1128 2578 domum
1297 2527 1331 2583 'io

284 2616 408 2672 Noluerit
418 2614 544 2671 salutare.

701 2732 823 2778 sosIA.

553 2814 674 2870 irritahis
684 2815 839 2870 crabrones.

635 2934 878 2980 AMPHITRUO.

833 3025 901 3072 tace.

282 3107 440 3174 Alcumena,
456 3126 543 3163 unum
554 3125 646 3182 rogare
656 3116 681 3162 te
692 3108 762 3164 volo.

645 3227 693 3272 AL
699 3226 828 3271 CUMEN
833 3226 864 3272 A.

757 3306 903 3380 quidvis?
921 3327 994 3382 roga.

636 3425 880 3472 AMPHITRUO.

281 3513 360 3565 Nunc
370 3511 421 3564 tibi
433 3518 480 3564 aut
490 3508 604 3563 stultitia
615 3509 730 3563 accessit
741 3518 788 3564 aut
798 3518 910 3582 superat
920 3508 1068 3588 superbiai

649 3628 869 3675 ALcUMENA.

280 3711 335 3778 Qui
346 3712 418 3767 istuc
428 3712 457 3765 in
472 3720 562 3766 mente
575 3711 686 3777 esttibi,
698 3713 737 3767 mi
752 3713 804 3777 vir,
819 3729 855 3767 ex
865 3728 909 3766 me
919 3709 1119 3783 percontarier?
1262 3709 1324 3789 [uo]

631 3829 876 3876 AMPHITRUO.

280 3919 350 3987 Quia
361 3919 478 3974 salutare
487 3918 677 3975 advenientem
689 3937 733 3974 me
743 3920 849 3974 solebas
860 3915 996 3980 antidhac.
1290 3918 1325 3971 80
