3409 4784
591 563 653 618 Aer.
666 563 698 617 ll.
713 562 756 630 Sc,
770 564 802 629 ll,
820 567 849 622 2¹
866 596 904 606 —
914 568 956 622 52.

644 750 889 796 AMPHI'I’RUO.

286 831 437 887 Gravidam
448 849 498 906 ego
510 830 591 887 illanc
602 832 647 887 hic
659 833 758 906 reliqui
769 851 854 907 quom
866 835 942 889 abeo.

704 952 823 997 s081A.

932 1036 956 1089 ei
969 1037 1036 1107 pcrii
1050 1037 1141 1091 miser.

639 1171 883 1215 AMPHITRUO.

285 1251 359 1320 Quid
371 1252 420 1308 libi
430 1252 490 1308 est‘?

703 1371 823 1417 sosll.

477 1455 511 1510 ad
522 1472 621 1528 aquam
637 1454 818 1526 praebendam
829 1455 1005 1510 commodum
1016 1455 1115 1511 adveni
1125 1455 1239 1511 domum

285 1548 406 1602 Decumo
419 1556 482 1619 post
492 1564 594 1612 mense,
608 1556 639 1602 ut
648 1540 928 1603 rationemtcdictare
939 1547 1076 1621 intellego.
1272 1547 1334 1626 [oio]

638 1667 884 1713 AMPHITRUO.

284 1751 358 1804 Bono
371 1749 463 1804 auimo
472 1767 511 1805 es.

700 1887 821 1932 sosIA.

513 1970 579 2024 sciu'
589 1986 674 2041 quam
688 1969 759 2024 bono
769 1968 879 2025 animo‘l
898 1970 923 2024 si
933 1967 1044 2024 situlam
1058 1969 1112 2023 iam
1122 1954 1229 2040 cepero,
1300 1972 1332 2024 lu

284 2061 433 2133 Nunquam
443 2059 538 2132 edepol
549 2070 578 2116 tu
588 2061 658 2115 mibi
669 2061 757 2116 divini
767 2062 878 2116 creduis
888 2070 951 2134 post
960 2059 1035 2115 hunc
1044 2060 1127 2124 diem,

284 2153 318 2207 Ni
329 2169 379 2226 ego
390 2151 431 2207 illi
442 2160 532 2224 puteo,
545 2154 570 2208 si
579 2170 703 2226 occepso,
717 2155 836 2208 animam
849 2171 959 2208 omnem
973 2154 1158 2208 intertraxero.

638 2272 881 2318 AMPHITRUO.

283 2352 402 2425 Sequere
412 2352 463 2409 bac
473 2371 517 2409 me
531 2353 621 2419 modo,
634 2354 719 2410 alium
729 2373 779 2430 ego
789 2356 835 2410 isti
846 2355 886 2410 rei
896 2351 1021 2429 alligabo,
1037 2370 1072 2409 ne
1083 2353 1157 2409 time.

646 2475 670 2519 A
677 2474 698 2518 L
704 2475 723 2519 C
729 2474 836 2519 UMEN
841 2474 871 2520 A.

281 2555 368 2629 Magis
388 2573 462 2610 nuuc
477 2573 520 2611 me
535 2573 628 2611 meum
643 2554 766 2612 officium
782 2557 879 2623 lacere,
892 2558 915 2612 si
930 2556 995 2611 huic
1005 2573 1063 2610 eam
1075 2555 1231 2622 advorsum,

785 2649 909 2706 arbitror.

636 2785 878 2831 AMPHITRUO.

281 2867 446 2939 Amphitruo
459 2883 574 2922 uxorem
584 2866 682 2923 salutat
692 2868 778 2924 laetus
791 2876 926 2940 speratam
938 2884 1026 2933 suam,

280 2958 367 3026 Quam
378 2960 504 3015 omnium
514 2958 616 3013 Thebis
628 2961 670 3015 vir
683 2978 766 3016 unam
775 2977 836 3015 esse
845 2960 977 3033 optimam
991 2957 1125 3014 diiudicat
1180 2946 1185 2956 ’

279 3051 425 3125 Quamque
434 3052 502 3106 adeo
512 3051 587 3107 cives
597 3052 718 3108 Thebani
730 3069 795 3108 vero
807 3051 963 3107 rumificaul
976 3051 1099 3124 probam.

281 3142 422 3199 Valuistin*
434 3141 541 3216 usque?
559 3148 729 3215 expectatun’
738 3143 873 3200 advenio?

691 3262 811 3309 sosIA.

825 3345 900 3400 haud
912 3344 970 3400 vidi
980 3346 1068 3419 magis

280 3438 484 3508 Exspectatum,
500 3452 563 3490 eum
577 3434 677 3490 salutat
689 3435 777 3508 magis
787 3434 855 3492 haut
863 3439 1011 3510 quisquam
1022 3453 1106 3509 quam
1117 3452 1222 3490 canem.
1264 3431 1325 3509 [uso]

635 3555 880 3602 AMPHITRUO.

281 3647 387 3701 Etcum
398 3642 575 3718 tegravidam
586 3651 685 3699 etcum
695 3644 811 3718 pulchre
822 3645 930 3717 plenam
942 3645 1053 3716 aspicio,
1066 3642 1181 3717 gaudeo.
1293 3642 1326 3696 50

645 3764 867 3810 ALCUMENA.

279 3845 400 3902 Obsecro
410 3853 522 3910 ecastor,
535 3845 604 3919 quid
615 3854 644 3902 tu
658 3864 702 3902 me
712 3847 860 3903 deridiculi
868 3847 954 3920 gralia

278 3938 323 3993 Sic
334 3936 436 3993 salutas
446 3945 528 4010 atque
538 3937 660 4010 appellas
669 3941 750 4011 quasi
760 3939 867 3995 dudum
881 3955 935 3994 uon
945 3936 1056 4002 videris,
