3409 4784
738 553 1102 614 AMPlllTllUO.

807 724 1045 773 MERCURIUS.

1095 818 1205 893 vapula.

868 957 991 1002 sosia.

360 1045 411 1101 245
453 1042 488 1098 Ut
501 1041 575 1107 libet,
588 1041 664 1115 quod
673 1042 724 1097 tibi
736 1040 802 1097 libet
813 1039 864 1106 iac,
875 1040 1007 1114 quoniam
1021 1039 1124 1113 pugnis
1133 1038 1198 1111 plus
1211 1036 1294 1094 vales.

453 1136 556 1190 Verum
567 1143 598 1189 ut
604 1143 634 1190 ut
643 1151 673 1189 es
684 1133 814 1199 facturus,
822 1131 994 1206 hocquidem
1003 1130 1174 1188 herclehaud
1180 1130 1298 1186 reticebo
1307 1138 1412 1185 tamen.

813 1251 1050 1298 MERCURIUS.

457 1337 497 1392 Tu
511 1354 556 1391 me
566 1337 645 1392 vivos
656 1336 737 1392 hodie
746 1352 890 1409 nunquam
904 1333 987 1389 iacies
997 1334 1066 1407 quin
1080 1335 1133 1388 sim
1147 1332 1233 1388 Sosia.

873 1454 889 1498 8
896 1452 993 1498 081A.

366 1536 428 1616 [luo]
457 1538 534 1595 Certe
543 1536 640 1611 edepol
650 1546 680 1593 tu
694 1555 738 1593 me
747 1536 880 1593 alienabis
890 1551 1033 1608 nunqnam
1043 1536 1112 1608 quin
1126 1543 1217 1590 noster
1229 1535 1308 1590 siem.

459 1632 515 1686 Nec
527 1631 607 1686 nobis
620 1639 726 1704 praeter
735 1629 799 1684 med
809 1628 880 1684 alius
889 1629 1040 1702 quisquam
1049 1637 1092 1684 est
1100 1646 1194 1684 servos
1203 1627 1289 1692 Sosia,

366 1725 417 1780 250
460 1721 514 1791 Qui
527 1740 592 1778 cum
602 1723 802 1796 Amphitruone
811 1721 942 1782 hincuna
952 1722 1037 1778 ieram
1051 1721 1080 1777 in
1094 1722 1254 1777 exercitum.

818 1839 1058 1887 MERCURIUS.

461 1925 511 1980 llic
521 1925 603 1981 homo
612 1943 696 1980 sanus
710 1943 764 1980 non
774 1934 824 1980 est.

876 2043 999 2088 sosia.

826 2126 902 2201 quod
912 2125 981 2185 mihi
992 2125 1133 2198 praedicas
1148 2125 1256 2191 vitium,
1269 2123 1297 2179 id
1303 2124 1354 2180 tibi
1366 2134 1418 2180 est.

463 2219 546 2287 Quid,
559 2220 677 2279 malnml
699 2239 753 2279 non
766 2238 830 2279 sum
840 2236 891 2294 ago
899 2236 995 2279 servos
1004 2217 1214 2291 Amphitruonis
1222 2216 1319 2274 Sosis?

464 2313 559 2369 Nonne
569 2322 660 2369 nostra
673 2314 752 2369 navis
771 2322 853 2369 noctu
867 2312 919 2369 hac
932 2330 967 2368 ex
975 2319 1057 2385 portu
1067 2311 1176 2366 Persico

466 2403 555 2470 Venit,
567 2422 638 2478 quae
648 2423 692 2461 me
702 2404 831 2462 advexit?
853 2407 949 2461 Nonne
958 2421 1003 2461 me
1016 2404 1071 2459 hnc
1084 2403 1168 2461 herus
1178 2404 1255 2462 misit
1266 2401 1365 2459 meus‘l
1414 2442 1418 2449 .

372 2496 424 2553 255
467 2496 563 2551 Nonne
582 2513 633 2571 ego
653 2514 728 2553 nunc
741 2506 783 2553 sto
797 2506 859 2553 ante
873 2496 949 2552 aedis
960 2494 1084 2551 nostras‘.l
1106 2495 1166 2549 Non
1178 2496 1218 2549 mi
1228 2503 1269 2551 est
1278 2494 1379 2551 laterna
1390 2497 1421 2552 in

900 2659 902 2663 Ι
971 2586 1074 2642 manu?

388 2701 390 2705 ·
466 2680 525 2734 Non
546 2679 661 2754 loquor‘l
693 2701 748 2739 non
766 2680 870 2756 vigilo?
890 2696 944 2736 non
962 2680 1008 2735 hio
1022 2679 1102 2736 modo
1113 2695 1156 2734 me
1166 2681 1268 2754 pugnis
1279 2680 1425 2736 contudit?

469 2773 545 2829 Fecit
554 2773 657 2843 hercle;
680 2794 743 2832 nam
754 2777 836 2831 etiam
846 2774 947 2829 misero
958 2772 1057 2827 misere
1068 2789 1141 2828 nunc
1151 2771 1238 2827 malae
1248 2772 1349 2827 dolent.

375 2861 437 2939 [lta]
466 2864 540 2931 Quid
550 2867 636 2940 igitur
645 2885 695 2942 ego
705 2866 820 2923 dubito?
834 2874 882 2921 aut
891 2882 940 2919 cur
950 2882 1002 2920 non
1017 2865 1120 2921 introeo
1130 2865 1426 2922 innostramdomum‘?

825 2983 1062 3030 MERCURIUS.

468 3065 550 3132 Quid,
564 3067 677 3124 domum
689 3067 826 3125 vostram?

883 3186 1006 3233 SOSIA.

823 3273 860 3326 ita
872 3260 1020 3326 enimvero.

827 3388 1065 3436 MERCURIUS.

1045 3472 1113 3544 quin
1136 3487 1207 3544 quae
1221 3470 1315 3526 dixisti
1330 3471 1423 3539 modo,

377 3567 427 3621 260
470 3563 567 3618 Omnia
579 3565 734 3620 ementitus.
747 3566 875 3639 equidem
887 3583 949 3621 snm
960 3563 1168 3636 Amphitruonis
1180 3562 1265 3619 Sosia.

471 3658 539 3712 Nam
553 3665 634 3711 noctu
645 3658 696 3713 hac
707 3657 794 3714 soluta
805 3668 847 3714 est
856 3659 935 3714 navis
946 3665 1036 3712 nostra
1049 3664 1155 3729 eportu
1166 3658 1282 3721 Persico,

469 3751 504 3804 Et
515 3748 564 3803 uhi
573 3748 675 3804 Pterela
689 3766 737 3806 rex
746 3752 879 3826 regnavit,
890 3750 1023 3824 oppidum
1036 3751 1256 3824 expugnavimus

468 3844 503 3897 Et
514 3841 635 3914 legiones
646 3842 824 3899 Teleboarnm
837 3846 865 3899 vi
876 3842 1025 3918 pugnando
1034 3843 1169 3915 cepimus,

470 3936 504 3991 Et
514 3937 593 4008 ipsus
607 3934 774 4008 Amphitruo
783 3938 957 3995 obtruncavit
966 3951 1058 4008 regern
1070 3933 1204 3991 Pterelam
1215 3936 1243 3992 in
1254 3932 1367 4007 praelio.
1419 3968 1422 3975 ·

376 4178 519 4256 A
