3409 4784
408 595 471 653 ner.
487 597 519 652 n.
531 596 574 652 st.
587 599 608 663 1,
621 600 654 653 oc
667 600 756 651 -co
777 597 841 653 nc.
856 597 889 652 u.
901 597 944 654 se.
958 599 989 672 11,
1006 603 1015 654 t
1030 631 1068 642 -
1080 603 1123 659 so.
1211 604 1244 657 sc

702 751 823 797 sosIA.

284 834 321 889 Et
330 850 436 889 memor
445 850 509 888 sum
521 842 548 889 et
558 831 687 908 diligens,
703 842 734 889 ut
742 851 813 906 quae
822 834 943 906 imperes
953 846 1135 908 compareant,

285 928 346 981 Nou
358 942 408 1000 ego
421 943 485 980 cum
496 926 562 981 vino
573 926 670 982 simitu
680 924 755 980 ebibi
768 926 918 997 imperium
929 936 1018 983 tuum.
1272 928 1333 1006 [ctu]

640 1043 885 1090 AMPHITRUO.

285 1129 395 1182 Utinam
409 1127 437 1182 di
453 1125 539 1182 faxint
548 1125 649 1181 inlecta
660 1126 732 1183 dicta
744 1145 773 1182 re
786 1129 913 1184 evenient
922 1139 976 1184 tua.
1299 1135 1333 1186 80

657 1356 865 1365 ----—--—--=-—

420 1554 647 1612 lucullum.
688 1554 933 1613 AMPlllTllUO.
974 1556 1100 1612 SOSIA.

647 1674 868 1721 ALCUMENA.

284 1759 367 1814 Satin'
381 1775 465 1831 parvo
479 1775 522 1813 res
536 1765 577 1812 est
590 1756 761 1830 voluptatum
774 1759 803 1813 in
814 1760 870 1814 vito
880 1767 962 1831 atque
971 1760 999 1814 in
1010 1767 1095 1815 aetate
1108 1761 1224 1835 cgundo,

282 1852 433 1924 Praequam
443 1850 519 1924 quod
529 1849 675 1906 molestum
685 1858 735 1913 est.
745 1850 783 1904 ita
794 1851 895 1924 cuique
904 1860 945 1907 est
957 1852 986 1907 in
996 1860 1081 1909 aetate
1091 1852 1236 1910 hominum

661 1951 857 2014 comparatum,

283 2035 322 2090 ltu
335 2034 379 2089 dis
390 2033 530 2106 placitum,
610 2039 744 2093 (auapausr.
754 2040 868 2090 monam.)

283 2126 457 2199 Voluptatem
467 2135 498 2182 ut
507 2144 614 2182 moeror
624 2143 716 2182 comes
729 2133 921 2198 consequatur,
1000 2130 1211 2184 (carentorum.)

283 2201 357 2269 Quin
369 2202 535 2257 incommodi
549 2202 613 2275 plus
623 2201 744 2274 malique
757 2200 831 2256 illico
844 2203 919 2266 assit,
935 2201 1001 2258 boni
1011 2204 1036 2258 si
1049 2203 1148 2278 obtigit
1156 2204 1234 2278 quid.
1313 2209 1330 2260 ὅ

283 2296 352 2351 Nam
375 2312 425 2370 ego
447 2294 477 2350 id
493 2311 568 2349 nunc
583 2294 708 2366 experior
721 2292 803 2348 domo
817 2301 899 2368 atque
913 2295 974 2367 ipsa
989 2294 1024 2350 de
1041 2312 1086 2351 me
1099 2298 1170 2363 scio,
1188 2299 1234 2352 cui

670 2385 797 2459 voluptas

282 2480 432 2551 Porumper
441 2476 544 2544 data’st,
560 2478 627 2533 dum
643 2479 694 2533 viri
705 2479 760 2534 mci
770 2477 823 2533 tuit
833 2476 903 2532 mihi
916 2487 1035 2550 potestas
1048 2480 1161 2537 videndi

281 2573 395 2627 Noctem
405 2588 488 2626 unam
498 2570 588 2637 modo,
601 2578 683 2644 atquc
693 2572 717 2626 is
727 2580 837 2644 repente
847 2570 915 2626 abiit
924 2588 940 2625 n
950 2588 995 2626 me

281 2665 352 2719 llinc
364 2672 425 2718 ante
439 2663 538 2717 lucem.
617 2665 700 2721 (tmnt.
711 2678 810 2708 mcum.
821 2662 982 2722 typncatar.)
1263 2663 1324 2740 [tlt]

281 2756 344 2812 Sola
354 2756 400 2811 hic
410 2756 480 2811 mihi
491 2773 565 2810 nunc
578 2755 681 2822 videor,
692 2756 759 2828 quia
772 2753 818 2810 ille
831 2755 897 2810 hinc
910 2754 995 2821 abest,
1010 2772 1094 2828 quem
1108 2772 1157 2830 ego
1170 2772 1231 2810 amo

674 2856 780 2919 praeter
788 2864 895 2903 omnes.
1295 2850 1325 2901 lo

221 2930 226 2961 ²
281 2942 347 2996 Plus
357 2941 431 3014 aegri
442 2957 476 2994 ex
487 2938 562 2994 obitu
576 2939 628 2994 viri
642 2957 726 3011 quom
737 2956 772 2994 ex
784 2938 903 2994 adventu
917 2938 1065 3011 voluptatis
1074 2941 1144 3011 cepi.

281 3034 335 3090 Sed
345 3034 397 3089 hoc
410 3049 454 3087 me
462 3032 525 3087 beat
537 3030 642 3095 saltem,
656 3048 740 3103 quom
750 3030 904 3104 perduelles

280 3127 351 3184 Vicit
360 3134 387 3181 et
396 3124 509 3180 domum
524 3122 613 3178 laudis
624 3140 735 3195 compos
746 3124 860 3188 revenit,
873 3121 903 3177 id
915 3121 1011 3178 solatio
1023 3130 1074 3178 est.
1127 3127 1156 3180 c·
1169 3132 1185 3169 t.
1197 3129 1231 3182 c.)

280 3219 373 3282 Absit,
398 3215 548 3272 dummodo
570 3215 745 3287 landeperto
767 3212 881 3269 domum
903 3216 1015 3288 recipiet
1030 3233 1074 3284 se;
1100 3214 1185 3272 ieram
1204 3227 1231 3274 et

312 3361 315 3365 ⁴
675 3304 810 3378 perferam
821 3307 1025 3378 usqueabitum
1038 3308 1098 3362 eius
1111 3309 1203 3364 animo

279 3404 354 3459 Forti
367 3410 449 3474 atque
460 3399 611 3464 obfirmato,
622 3398 652 3454 id
661 3398 743 3454 modo
753 3400 778 3453 si
791 3399 925 3454 mercedis
1294 3408 1325 3460 45

279 3499 363 3552 Datur
373 3493 452 3558 mihi,
467 3502 498 3547 ut
508 3509 587 3547 meus
601 3491 688 3546 victor
701 3493 743 3548 vir
756 3490 823 3548 belli
832 3491 929 3556 cluent,

279 3589 351 3645 Satis
362 3587 432 3643 mihi
442 3602 503 3640 csse
511 3585 621 3639 ducam.

279 3683 372 3738 Virtus
386 3679 539 3751 praemium
554 3686 594 3732 est
607 3685 762 3749 optumum,
839 3677 916 3732 (trine.
927 3675 1007 3721 tacet.
1019 3679 1091 3720 carrd.
1103 3677 1137 3735 cf.
1149 3678 1227 3722 Herm.

864 3772 892 3814 el.
900 3785 926 3828 p.
938 3774 998 3824 300.)

278 3868 373 3925 Virtus
383 3864 513 3921 omnibus
523 3861 606 3916 rebus
615 3863 698 3917 anteit
706 3860 837 3934 prolecto.
1263 3861 1325 3941 [⁶5⁰]

280 3960 413 4025 Libertas,
425 3955 510 4022 solus,
524 3955 589 4018 vita,
601 3970 645 4008 res
656 3961 682 4009 et
692 3962 831 4026 parentes,
