3409 4784
443 572 477 627 24
737 566 1100 624 annullatio.

862 720 984 766 soma.

449 807 490 861 Tu
502 823 584 880 negas
594 805 658 860 med
668 803 747 860 esse?

787 961 791 967 .
808 922 1047 968 MERCURIUS.

746 1006 816 1080 quid
826 1024 876 1080 ego
886 1006 916 1061 ni
927 1023 1033 1080 negem.
1047 1007 1097 1078 qui
1107 1016 1215 1080 egomet
1225 1007 1314 1062 siem‘?

867 1126 989 1171 sosln.

452 1212 503 1265 Per
516 1211 608 1267 lovem
619 1212 680 1265 iuro
693 1209 755 1265 mod
767 1227 827 1264 esse
836 1225 926 1282 nequo
936 1226 981 1264 me
992 1206 1093 1263 salsum
1103 1207 1203 1263 dicere.

813 1328 1051 1374 MERCURIUS.

359 1420 411 1476 285
453 1417 488 1474 m
498 1435 549 1492 ogo
560 1436 610 1491 per
618 1420 786 1474 Mercurium
796 1419 859 1472 iuro
870 1417 921 1472 tihi
932 1417 1025 1472 lovem
1038 1434 1093 1472 non
1103 1418 1221 1484 credere,
1233 1451 1236 1458 ·

455 1511 523 1565 Nam
535 1512 653 1567 iniurato
664 1513 721 1567 scio
730 1511 795 1585 plus
808 1510 900 1566 credet
910 1509 980 1565 mihi
991 1526 1074 1583 quam
1086 1512 1173 1565 iurato
1186 1511 1247 1567 tibi.

872 1630 993 1675 SOSIA.

457 1711 526 1779 Quis
537 1730 587 1787 ego
597 1731 660 1770 sum
673 1713 779 1779 saltem,
791 1716 815 1769 si
829 1732 883 1770 non
894 1731 956 1770 sum
970 1712 1065 1768 Sosia?
1085 1722 1110 1768 te
1121 1715 1266 1788 interrogo.

812 1832 1051 1879 MERCURIUS.

365 1913 426 1992 [ilo]
455 1915 508 1971 Ubi
519 1933 569 1990 ego
578 1916 655 1972 Sosia
664 1916 750 1973 nolim
761 1934 829 1982 esse,
843 1927 873 1973 tu
883 1924 940 1972 estc
949 1933 1014 1971 sane
1025 1915 1110 1970 Sosia.

459 2010 539 2064 Nunc
551 2009 662 2082 quando
672 2027 722 2084 ego
732 2027 805 2075 sum,
818 2008 974 2083 vapulabis,
987 2010 1016 2064 ni
1028 2009 1092 2065 hinc
1102 2009 1170 2073 abis,
1184 2008 1324 2081 ignobilis.

865 2129 986 2175 SOSIA.

365 2218 415 2274 290
459 2217 536 2273 Certe
546 2216 652 2288 edepol,
660 2235 744 2290 quom
755 2216 836 2273 illum
847 2217 1001 2291 contemplo
1011 2227 1036 2273 et
1048 2217 1162 2273 [ormam
1174 2234 1414 2291 cognoscomeam‚

460 2309 698 2376 Quemadmodum
719 2327 769 2386 ego
789 2329 852 2366 sum
875 2310 966 2384 (saepe
980 2311 1009 2364 in
1024 2309 1168 2383 speculum
1184 2310 1313 2386 inspexi),
1330 2314 1416 2368 nimis

963 2401 1087 2457 simil'est
1100 2403 1164 2457 mei.

461 2493 558 2550 itidem
569 2494 651 2551 habet
659 2504 785 2568 petasum
796 2513 827 2550 ac
838 2496 968 2551 vestitum
978 2513 983 2563 ;
1000 2504 1054 2550 tam
1066 2494 1243 2551 consimilest
1258 2504 1340 2570 atque
1349 2516 1416 2573 ego;

462 2587 539 2652 Sura,
552 2604 611 2660 pes,
624 2597 734 2654 statura,
746 2596 851 2652 tonsus,
867 2587 949 2653 oculi,
963 2604 1060 2642 nasum
1073 2585 1115 2645 vel
1126 2585 1209 2654 labra,

462 2679 556 2746 Malae,
569 2691 702 2747 mentum,
715 2680 808 2745 barba,
824 2677 936 2744 collum,
950 2687 1031 2744 totus,
1044 2679 1112 2752 quid
1123 2681 1214 2736 verbis
1224 2679 1332 2754 opu'st‘?

369 2776 420 2830 295
463 2772 492 2827 Si
503 2783 610 2848 tergum
621 2775 821 2838 cicatricosum‚
834 2771 904 2828 nihil
915 2772 968 2828 hoc
981 2771 1066 2827 simili
1077 2780 1118 2827 est
1128 2773 1258 2829 similius.

463 2866 517 2920 Sed
526 2884 610 2939 quom
622 2868 720 2941 cogito,
733 2865 862 2938 equidem
874 2873 947 2920 certo
959 2865 1031 2920 idem
1043 2884 1104 2920 sum
1117 2867 1165 2938 qui
1177 2885 1285 2939 semper
1295 2866 1346 2923 fui.

464 2960 534 3014 Novi
545 2958 654 3023 herum,
668 2961 731 3016 noui
742 2958 818 3014 aedis
829 2966 949 3022 nostras;
972 2975 1037 3012 sane
1051 2959 1127 3030 sapio
1137 2968 1163 3013 et
1173 2961 1268 3015 sentio.

371 3048 432 3126 [lto]
461 3052 520 3106 Non
534 3069 584 3126 ego
594 3051 634 3106 illi
648 3049 806 3123 obtempero
818 3049 894 3123 quod
906 3043 1039 3122 loquitur;
1061 3051 1174 3123 pultabo
1188 3051 1263 3107 ioris.

819 3170 1056 3215 MERCURIUS.

464 3251 524 3318 Quo
534 3254 592 3326 agis
604 3253 648 3308 te‘?

880 3374 1001 3419 sosla.

632 3457 754 3512 domum.

820 3576 1057 3622 MERCURIUS.

753 3659 902 3733 quadrigas
916 3660 939 3713 si
954 3677 1027 3714 nunc
1038 3659 1182 3714 inscendas
1193 3659 1265 3714 lovis

371 3753 421 3806 300
465 3749 554 3822 Atque
565 3751 630 3806 hinc
642 3749 740 3825 fugias,
753 3752 790 3806 ita
801 3752 849 3807 vix
864 3753 965 3823 poteris
976 3751 1094 3827 effugere
1103 3752 1295 3808 infortunium.

882 3872 1001 3917 sosIA.

465 3954 561 4008 Nonne
571 3951 651 4008 herae
661 3970 737 4009 meae
746 3956 885 4021 nunciare,
898 3956 972 4029 quod
984 3956 1067 4011 herus
1077 3972 1155 4010 meus
1169 3955 1259 4020 iussit¹
1274 3954 1356 4011 licet?
