3409 4784
513 576 1003 640 COMMENTARIUS.
1192 591 1240 644 us

268 733 298 777 c.
319 733 345 776 et
365 729 428 776 Poll.
450 730 640 775 commemorat
660 727 729 775 hunc
743 742 847 776 veroum
864 731 1027 778 llermonnuo
1042 731 1116 779 elem.
1128 734 1151 781 d.
1165 749 1197 781 m.
1211 750 1235 794 p.

268 819 327 862 16⁰.
338 818 363 862 et
374 815 434 872 epit.
447 815 486 860 ed.
498 816 530 874 ll,
542 828 565 873 p.
578 815 619 859 65.
1037 814 1041 819 '

336 901 366 946 V.
385 901 410 945 Ι.
445 901 476 945 V.
487 900 524 960 C.,
535 898 609 959 Poll,
621 896 660 946 etl.
672 896 764 958 prino,
778 897 893 946 Lindem.
904 900 975 960 milet,
988 900 1057 961 vulg.
1068 904 1112 950 mi.

334 986 365 1031 V.
385 988 409 1031 9.
445 984 519 1030 Lino.
531 983 635 1043 neripslt
645 985 707 1029 item
717 995 765 1041 pro
777 983 875 1043 follem,
883 986 1023 1032 Hermonni
1034 991 1172 1047 praecepto
1185 993 1232 1038 ob-

265 1073 378 1130 secutus,
399 1085 432 1116 ne
447 1071 568 1128 quattuor
584 1068 698 1127 syllabae
713 1070 805 1116 breves
815 1069 842 1114 in
854 1083 905 1115 uno
916 1069 1040 1117 trochaeo
1052 1074 1231 1121 convenirent.

265 1156 318 1204 Sed
330 1156 362 1202 ol.
373 1155 403 1201 ad
414 1156 460 1215 ΙΙΙ,
470 1156 495 1215 2,
506 1154 547 1199 22.

333 1240 364 1286 V.
383 1241 425 1286 15.
461 1236 598 1285 deludetur
607 1248 676 1284 omn.
692 1236 767 1296 Poll,
779 1250 888 1295 proquo
901 1240 969 1287 Com.
982 1242 1016 1287 et.
1028 1241 1114 1290 Lomb.
1126 1243 1232 1291 deludo-

263 1334 317 1372 tur.
346 1327 396 1372 Pro
409 1323 479 1384 vulg.
489 1324 668 1383 spectantibuu
681 1335 740 1370 cum
753 1321 870 1369 Lindem.
882 1336 933 1370 teo.
945 1325 1001 1371 cod.
1016 1325 1100 1373 Guelt.
1111 1326 1130 1372 Ι.
1141 1328 1232 1388 scripti

263 1410 473 1471 aspectantibus.
1070 1420 1074 1427 '

333 1497 363 1541 V.
376 1496 424 1564 v1'l.
462 1492 600 1562 escendere
631 1491 662 1537 V.
693 1491 734 1552 ας
774 1490 838 1539 Poll.
865 1492 1033 1542 adscendero.
1072 1496 1119 1544 Ed.
1149 1498 1230 1556 princ.

262 1580 416 1629 accendero.

332 1665 372 1711 lb.
392 1665 423 1709 V.
435 1662 463 1708 C.
474 1661 640 1719 scienotiam.
660 1659 723 1707 Poll.
734 1660 758 1707 Ι.
773 1665 799 1708 et
810 1663 857 1710 tin
869 1663 952 1722 prima
963 1678 1040 1711 manu
1052 1673 1105 1726 opt.
1118 1670 1183 1729 clep.
1195 1684 1229 1730 m,

263 1764 279 1796 a
292 1749 404 1796 necundo
420 1761 483 1794 vero
494 1761 532 1806 pr.
545 1749 570 1794 et
582 1747 661 1794 ceteri
673 1760 762 1794 omnen
773 1749 914 1808 expellam.
956 1751 1116 1798 camerarius
1127 1760 1231 1813 optume

262 1837 302 1883 oie
321 1834 465 1894 depellam.
505 1830 590 1892 Vulgo
606 1839 659 1891 opt.
675 1833 819 1892 depellam.
846 1831 925 1879 codd.
942 1833 1027 1881 Guell.
1046 1837 1076 1882 ll.
1087 1839 1113 1882 et
1125 1839 1228 1885 Monac.

261 1919 402 1980 aspellam.
447 1916 544 1976 Scripsi
559 1918 590 1964 tle
606 1917 756 1963 coniectura
770 1917 908 1963 facillima:
938 1922 975 1965 tic
998 1922 1143 1981 aspellam,
1161 1924 1229 1980 quod

261 2007 293 2054 V.
314 2008 341 2051 c.
361 2002 469 2050 lectioni
483 2003 534 2048 ecit
544 2001 644 2060 pellam
654 2002 790 2048 admodum
803 2000 887 2048 simile
898 2004 945 2048 est.
966 2011 1069 2063 optume
1080 2007 1107 2050 ut
1116 2019 1229 2064 anapae-

261 2094 319 2138 otuo
327 2087 550 2148 pronunciandum
561 2087 607 2132 est.
620 2087 653 2131 cl.
663 2086 694 2131 nd
706 2084 772 2144 prol.
784 2098 807 2130 v.
818 2087 859 2131 19.

330 2174 361 2220 V.
380 2175 420 2218 20.
457 2172 485 2218 id
497 2173 569 2218 abent
584 2170 639 2216 aV.
651 2170 678 2215 C.
689 2173 715 2216 et
723 2183 792 2216 omn.
804 2169 868 2216 Poll.
882 2182 920 2229 pr.
932 2173 958 2217 et
967 2175 1026 2218 tert.
1038 2174 1151 2232 quidest
1160 2191 1228 2233 meo,

260 2260 330 2320 quod
341 2259 368 2305 in
377 2261 468 2316 quarto
480 2256 585 2316 ponitur
597 2258 624 2301 ut
633 2255 899 2313 interpretamentum.

330 2345 360 2390 V.
380 2345 421 2389 21.
457 2354 522 2401 etse,
538 2340 607 2398 quotl
626 2353 679 2386 non
697 2339 772 2386 estin
783 2339 864 2400 vulg„
874 2339 1226 2398 primunlnoeroitllerman-

260 2444 320 2490 nus,
331 2443 405 2487 quem
417 2426 498 2474 secuti
508 2428 568 2472 sunt
579 2425 692 2471 editore·
702 2424 873 2471 recentiores.

328 2517 360 2561 V.
378 2515 419 2559 24.
451 2513 541 2571 potius
561 2510 624 2556 Poll.
645 2512 741 2568 septem
764 2523 853 2556 omnen
864 2509 972 2558 teotlbuo
982 2512 1039 2559 Par.
1051 2516 1077 2558 et
1086 2511 1189 2560 Gruter.
1200 2518 1226 2561 et

260 2603 301 2649 ed.
313 2599 394 2659 princ.
404 2597 481 2657 Vulg.
492 2598 518 2642 et
527 2594 688 2641 recentiores
696 2596 777 2654 potio.

327 2687 358 2730 V.
378 2685 419 2729 25.
455 2695 541 2730 tusum
552 2681 581 2725 V.
594 2680 636 2737 G.;
661 2679 845 2726 Pollourtum.
870 2681 900 2726 V.
913 2683 939 2727 C.
950 2684 977 2727 et
987 2680 1026 2728 ed.
1041 2681 1123 2739 princ.
1145 2682 1224 2728 Dein-

259 2774 290 2819 de
301 2785 348 2831 pro
361 2770 437 2816 Dein.

540 2925 667 2971 ACTUS
692 2924 739 2968 lV.
763 2923 891 2970 scENA
919 2924 938 2968 l.

329 3067 358 3111 V.
377 3066 402 3112 3.
440 3065 539 3109 comer.
550 3068 577 3108 et
587 3060 682 3120 omitit,
694 3059 763 3118 quod
773 3062 859 3105 tomen
870 3062 909 3105 ent
918 3058 945 3104 in
954 3072 1021 3105 omn.
1033 3061 1097 3108 Poll.

328 3151 359 3199 V.
377 3152 402 3196 4.
437 3147 531 3208 Atque,
542 3147 611 3204 quod
623 3150 682 3192 ante
692 3148 719 3190 ln
725 3146 784 3204 pal.
797 3144 915 3190 inserunt
926 3143 1048 3205 editores,
1059 3148 1222 3205 quodaciam,

259 3250 359 3295 omnen,
370 3238 442 3281 oheot
452 3247 468 3280 o
479 3233 510 3278 V.
523 3233 551 3277 C.
562 3235 589 3277 et
599 3230 672 3289 Poll,
683 3243 763 3287 quare
776 3228 859 3275 omini.

326 3322 357 3368 V.
376 3323 400 3366 Ι.
435 3321 535 3366 doenum
554 3316 595 3361 ibo
617 3317 647 3361 V.
669 3316 696 3360 0.
717 3318 742 3360 et
763 3314 827 3360 Poll.
840 3339 873 3348 —
885 3315 963 3375 Com,
979 3316 1071 3373 Parnm,
1083 3316 1169 3360 Lamo.
1181 3316 1222 3360 ibo

258 3407 367 3452 domum.

327 3490 357 3535 V.
377 3489 418 3533 1⁰.
454 3478 597 3545 Eugepae!
614 3485 645 3529 V.
657 3485 700 3540 G.;
721 3483 785 3530 Poll.
813 3482 895 3545 Euge.

533 3656 659 3706 Actus
685 3658 731 3706 lv.
757 3658 883 3707 scENA
906 3658 942 3703 ll.

325 3803 357 3849 V.
377 3805 401 3848 o.
437 3800 468 3845 V.
481 3797 508 3842 C.
516 3811 583 3856 pene
596 3795 750 3858 effugistis.

325 3889 357 3933 V.
376 3887 417 3931 12.
453 3883 516 3930 Poll.
537 3884 599 3941 quin
618 3881 724 3928 senecta
743 3887 843 3926 aetate.
872 3880 934 3925 Post
954 3885 1060 3926 senocto
1076 3878 1185 3927 inseruit
1196 3882 1221 3926 in

258 3974 356 4018 comer.
387 3967 528 4014 Subditioio
538 3970 658 4013 accurate
669 3978 719 4010 nec.
730 3963 869 4010 editionem
882 3963 999 4010 Aldinom
1010 3963 1143 4023 descripti.

293 4043 387 4098 Potor.
402 4039 485 4096 Aaou.
990 4035 1013 4088 H
