3409 4784
725 571 1085 648 Auru1uuuu

846 776 966 824 cosli.

660 894 761 944 eccere,
777 879 832 933 iam
846 879 943 934 tuatim

338 974 354 1026 ὅ
430 971 509 1026 Facis
521 973 562 1026 uti
572 971 626 1026 tuis
637 970 713 1026 nulla
726 971 800 1043 apud
810 978 836 1026 te
850 970 918 1026 fides
929 973 973 1026 sit.

786 1107 1032 1153 AMPHITRUO.

432 1190 506 1258 Quid
518 1189 577 1247 esti
599 1208 655 1264 que
667 1189 769 1246 medo?
786 1192 842 1246 iem
855 1191 969 1265 quidem
980 1189 1071 1246 hercle
1082 1191 1192 1265 egotibi
1206 1193 1287 1247 istem

433 1284 589 1349 Scelestem
602 1283 701 1348 secius,
716 1283 839 1357 linguam
848 1283 999 1340 abscidam.

848 1421 970 1466 SOSIA.

996 1513 1062 1560 tuus
1075 1522 1151 1571 sum3

431 1596 548 1654 Proinde
557 1604 588 1652 ut
601 1596 803 1652 commodumst
813 1605 839 1650 et
852 1595 937 1662 lubet,
953 1596 1078 1669 quidque
1087 1596 1184 1667 iaciae;

339 1688 400 1770 [eeu]
429 1691 531 1746 Tamen
540 1690 610 1762 quin
621 1688 716 1763 icquar
726 1689 793 1744 haec
802 1690 844 1745 uti
855 1687 999 1745 factasunt
1011 1689 1066 1756 hic,

340 1790 371 1841 ic
428 1786 576 1858 Nunquam
587 1781 736 1839 ullomodo
749 1789 879 1854 mepotes
893 1781 1036 1839 deterrere.

785 1917 1029 1964 AMPHITRUO.

431 2002 637 2068 Scelestissime,
653 2001 737 2057 eudes
750 2003 820 2057 mihi
834 2003 992 2076 praedicere
1002 2003 1040 2068 id,

431 2098 510 2154 Demi
523 2105 549 2153 te
561 2112 715 2162 ceccaum,
730 2095 780 2168 qui
791 2095 837 2150 hic
850 2093 934 2150 adesi

848 2215 969 2262 cocle.

924 2315 989 2356 vere
1000 2298 1072 2357 dieo.

782 2416 1031 2464 AMPHITRUO.

432 2501 548 2558 Malum!
569 2499 644 2574 quod
657 2500 709 2556 tibi
721 2499 750 2555 di
764 2499 870 2557 debunt
879 2505 962 2574 etque
972 2517 1022 2574 ego
1032 2500 1113 2560 hodie

430 2594 514 2649 Dabo.

846 2711 968 2756 sosIA.

507 2799 581 2852 istuc
589 2794 641 2850 tibi
654 2802 695 2850 est
704 2796 733 2850 in
744 2811 843 2863 menu3
868 2811 932 2849 nam
942 2802 1007 2849 tuus
1021 2812 1093 2850 sum.

780 2911 1024 2959 AMPHITRUO.

432 3001 499 3054 Tun'
510 3015 563 3063 me,
581 2997 702 3063 verbero,
715 2994 800 3051 eudes
810 2996 908 3052 herum
918 2996 1072 3052 ludificari?

431 3095 498 3148 Tun'
510 3090 539 3145 id
552 3090 643 3145 dicere
652 3089 746 3154 audes,
759 3086 834 3161 qued
843 3105 925 3143 nemo
936 3107 1057 3163 unquam
1072 3091 1154 3147 home
1165 3093 1278 3147 antehac

429 3183 504 3241 Vidit
516 3200 566 3238 nec
576 3189 665 3254 potest
678 3182 745 3247 fieri,
758 3189 880 3253 tempore
892 3199 948 3239 une

429 3279 515 3334 Homo
525 3274 599 3331 idem
609 3274 719 3330 duobus
730 3273 797 3329 locis
808 3281 838 3331 ut
847 3273 931 3330 simul
945 3274 999 3332 siti

842 3394 963 3442 eoum.

428 3478 559 3543 Proiecto,
577 3486 607 3532 ut
620 3475 723 3549 loquer,
737 3494 780 3531 res
789 3477 869 3533 ita'st.

776 3597 1023 3643 AMPHITRUO.

879 3682 1002 3755 luppiter
1015 3690 1041 3735 te

846 3890 967 3937 soem.

534 3973 607 4040 Quid
621 3973 686 4029 mali
699 3974 858 4039 cumbere,
875 3982 921 4030 tua
931 3991 966 4029 ex
976 3991 1006 4028 re
1017 3974 1202 4047 promeritus?
