3409 4784
447 569 465 639 ⁸.
744 563 1106 622 4444444444.

450 710 476 763 44
489 709 652 781 priusquam
666 709 732 764 hine
744 708 812 764 abiit
822 709 940 781 ipsemet
949 709 978 764 in
988 708 1149 772 exereitum,
1195 742 1198 749 .
1260 752 1263 759 r

451 800 598 856 Gravidam
609 800 789 857 Alcumenam
801 800 867 857 44444
875 817 1091 858 uxoremsuam.
1172 814 1174 819 ·
1261 823 1264 831 ·

456 894 525 948 Nam
539 910 589 967 ega
602 911 651 948 ves
661 893 771 949 novisse
784 895 868 950 credo
876 895 931 950 iam
942 903 973 951 ut
985 895 1022 948 sit
1033 901 1109 965 pater
1119 907 1207 957 444444,
1311 904 1313 911 ·

361 987 410 1040 tue
452 984 540 1053 Quam
552 985 621 1041 liber
634 985 731 1041 harum
741 1004 834 1042 rerum
844 986 993 1043 multarum
1007 986 1059 1041 siet
1106 1011 1109 1017 v
1200 998 1203 1007 ’

378 1130 381 1145 ,
451 1076 632 1151 Quantasque
645 1077 1265 1152 ammessia,qundcomplaeitumestsemel.
1307 1089 1310 1095 ’

453 1172 580 1225 lsamare
590 1171 696 1242 oeeepit
705 1169 885 1227 Alcumenam
895 1171 966 1227 elam
976 1171 1067 1227 virum
1159 1181 1162 1185 ’

453 1263 626 1335 Usuramqne
639 1264 698 1318 eius
709 1265 830 1335 eorporis
840 1265 915 1336 sepit
923 1264 978 1319 sibi

453 1356 489 1411 Et
496 1354 639 1431 gravidam
650 1353 715 1410 lecit
723 1356 819 1411 itidem
833 1372 992 1428 compressu
1006 1372 1066 1409 sno.

364 1449 412 1501 440
450 1448 538 1513 Ν444,
550 1447 585 1502 de
594 1446 744 1502 Alcumena
757 1456 857 1513 utrem
867 1449 980 1503 teneatis
990 1447 1102 1512 rectius,

454 1539 589 1612 Utrinque
599 1539 770 1614 estgrevida‚
783 1548 810 1593 et
820 1556 856 1594 ex
864 1540 932 1604 viro,
943 1547 971 1594 et
980 1555 1014 1600 ex
1023 1541 1218 1596 summuleve:
1246 1549 1248 1552 '
1263 1548 1278 1573 ·’

454 1631 490 1686 Ε4
501 1648 580 1686 meus
592 1640 669 1704 pater
678 1649 752 1687 nune
763 1632 839 1689 intus
848 1631 896 1687 hie
905 1647 969 1694 eum
982 1631 1029 1692 4444
1039 1632 1130 1696 cubat,

454 1724 491 1778 Et
501 1724 567 1779 haee
579 1724 614 1778 ob
625 1741 685 1778 eam
696 1741 753 1779 rem
763 1742 819 1781 nex
827 1731 870 1783 444
880 1723 948 1781 laeta
959 1724 1073 1798 longior,
1149 1735 1151 1739 '

455 1816 527 1870 Dum
537 1833 602 1871 eum
612 1815 668 1882 4444,
680 1834 800 1890 quaeum
811 1816 876 1881 volt,
889 1815 1056 1888 voluptatem
1068 1818 1148 1889 capit

367 1909 415 1961 445
453 1907 506 1963 Sed
516 1909 553 1963 ita
564 1908 737 1965 assimulavit
747 1927 777 1964 44
786 1909 867 1981 quasi
881 1908 1045 1981 Amphitruo
1057 1911 1118 1965 siet.

403 2062 405 2067 ,
457 2002 537 2058 Ν444
549 2018 583 2057 44
592 2002 667 2057 hune
677 2009 803 2059 amatum
812 2018 861 2057 ves
872 2018 965 2056 meum
976 2000 1160 2068 admiremini,
1187 2051 1189 2055 .

458 2092 538 2161 Quod
548 2112 599 2170 ego
608 2095 663 2150 hue
673 2094 794 2167 prooeesi
804 2095 845 2149 sie
855 2111 920 2150 eum
933 2093 1028 2151 servili
1038 2095 1158 2159 schema,
1284 2159 1287 2165 1

458 2186 581 2243 Veterem
594 2197 676 2262 atque
686 2188 827 2261 antiquam
838 2204 896 2242 rem
909 2186 1054 2248 nnvamad
1063 2204 1112 2243 vos
1122 2185 1280 2260 proleram‘
1393 2208 1396 2237 ;

458 2280 602 2352 Propterea
611 2290 723 2335 ornatus
733 2281 762 2335 in
774 2296 878 2337 novum
891 2278 1129 2340 insessimodum.
1307 2284 1309 2289 '
1337 2283 1340 2290 '

371 2371 418 2427 ⁴20
456 2371 526 2426 Nam
536 2389 615 2427 meus
626 2382 702 2445 pater
715 2373 789 2428 intus
799 2389 875 2431 nune
884 2389 918 2426 en
929 2388 1025 2426 eccum
1035 2372 1158 2442 luppiter
1229 2398 1243 2442 ’ᾗ

405 2500 407 2504 .
462 2465 491 2518 44
503 2463 712 2537 Amphitruonis
723 2464 873 2526 vortitsese
885 2463 1035 2536 imaginem
1092 2510 1094 2517 .

460 2555 618 2628 Omnesque
628 2572 691 2612 eum
705 2571 765 2609 esse
775 2563 887 2609 censent
895 2555 968 2609 'servi
982 2554 1032 2626 qui
1046 2553 1148 2618 vident,

461 2647 499 2702 lta
510 2647 683 2720 versipellem
693 2664 723 2701 se
737 2646 810 2711 feeit,
822 2646 933 2718 quanda
943 2645 1028 2701 lubet.
1051 2673 1054 2679 ¹
1097 2694 1100 2701 .

461 2739 520 2814 Ego
528 2742 601 2798 servi
610 2742 717 2812 sumpsi
728 2739 821 2794 Sosiae
831 2738 902 2793 mihi
911 2738 1069 2811 imaginem,
1169 2746 1171 2751 '

373 2834 421 2887 445
459 2831 513 2899 Qui
524 2850 588 2888 eum
598 2833 798 2906 Amphitruone
809 2831 896 2888 abivit
909 2829 974 2886 hinc
985 2831 1014 2886 in
1025 2832 1184 2897 exereitum,
1273 2837 1275 2842 '
1376 2837 1390 2873 ³·

399 2950 413 2986 .,·
463 2925 498 2980 Ut
510 2925 678 2997 praeservire
690 2925 792 2981 amanti
805 2940 867 2978 mee
877 2933 986 2995 possem
996 2925 1064 2995 patri
1149 2964 1151 2969 >

463 3014 553 3088 Atque
565 3025 597 3072 ut
606 3034 649 3082 ne,
661 3018 710 3090 qui
723 3032 821 3081 essem,
836 3014 983 3072 familiares
993 3026 1162 3088 quaererent,
1250 3022 1253 3028 '

463 3108 568 3164 Vereari
577 3109 658 3164 erebo
671 3110 717 3166 hie
726 3125 790 3164 eum
804 3107 928 3165 viderent
938 3126 983 3164 me
995 3108 1080 3163 demi.

464 3201 544 3256 Nune
556 3218 620 3257 eum
631 3218 692 3256 esse
701 3200 812 3256 credent
822 3219 933 3258 servum
944 3211 970 3258 et
980 3219 1142 3258 conservum
1155 3220 1247 3267 suum,

375 3294 422 3346 430
460 3293 539 3348 Haud
549 3294 698 3366 quisquam
708 3301 820 3366 quaeret
831 3294 881 3365 qui
891 3295 961 3350 siem
971 3304 1018 3350 aut
1027 3295 1097 3367 quid
1106 3296 1238 3351 venerim.

385 3402 398 3440 .·.
412 3410 416 3444 ,·
463 3387 541 3442 Pater
551 3403 625 3442 nunc
637 3387 713 3443 intus
722 3403 774 3442 444
783 3387 876 3443 anime
886 3404 989 3442 morem
1002 3387 1081 3461 gerit,

464 3477 552 3533 Cubat
562 3478 723 3550 complexus
736 3481 817 3535 euius
826 3481 941 3551 cupiens
952 3496 1081 3535 maxume
1091 3488 1141 3534 est.

465 3569 540 3637 Quae
550 3569 590 3626 illi
600 3570 636 3625 ad
646 3569 781 3644 legionem
792 3569 861 3626 laeta
871 3580 945 3637 sunt,
958 3579 1090 3627 memorat
1101 3580 1177 3644 pater

465 3662 543 3717 Meus
554 3661 729 3718 Alcumenae.
744 3662 792 3718 illa
802 3663 883 3718 illum
892 3671 986 3720 444444
997 3665 1089 3720 virum

375 3755 423 3808 4344
461 3753 548 3810 Suum
559 3772 628 3820 4444,
644 3773 715 3828 quae
727 3774 793 3811 enm
804 3756 918 3812 moecho
927 3763 977 3811 est.
989 3757 1030 3812 ibi
1040 3772 1115 3813 nune
1124 3775 1203 3812 meus
1214 3767 1289 3828 pater

465 3847 596 3902 Memorat
605 3847 725 3922 legiones
735 3848 858 3904 hostium
869 3856 901 3903 ut
911 3846 1054 3922 fugaverit,

466 3938 526 4006 Quo
535 3948 614 4011 paeto
627 3940 706 3995 donis
719 3941 756 3995 sit
765 3940 883 3996 donatus
893 3939 1032 4012 plurimis.
