3409 4784
437 567 471 622 56
633 595 647 630 ,ς
721 565 1095 626 nuperrnuo.

861 720 1035 771 sosln.5,

445 802 502 854 lam
514 801 560 856 hic
570 819 623 866 ero,
636 820 724 875 quum
736 800 792 857 illie
802 803 930 863 censebis
940 819 1002 859 esse
1012 819 1068 858 mer
1085 834 1088 858 ;
1102 833 1107 851 =.
1205 850 1208 854 ,

824 908 1025 968 lurrrrnn.

1058 1012 1179 1061 actutum
1194 1007 1250 1062 huc
1259 1008 1328 1063 redi.

815 1123 1030 1170 ALCUMENA

357 1207 388 1260 15
446 1205 579 1279 Nunquid
589 1207 632 1260 vis
642 1209 710 1279 quin
721 1208 815 1263 abeam
827 1210 882 1263 iam
893 1208 1018 1280 intrent
1027 1215 1193 1279 apparentur
1202 1209 1306 1285 qnibus
1316 1209 1406 1282 opus?

766 1315 768 1319 '
830 1310 1028 1384 rnrrrrn‘n.
1231 1302 1236 1313 '

451 1409 462 1462 1
472 1424 537 1462 sene
548 1416 574 1463 et
583 1418 718 1480 quantum
728 1417 818 1480 potest
828 1418 919 1482 parata
935 1409 1042 1483 [eleusini
1054 1411 1155 1465 omnia.

701 1499 785 1525 ””
817 1511 1040 1575 Ancnnnnn.
1107 1497 1146 1528 ²”

452 1609 525 1678 Quin
537 1610 624 1674 venis,
641 1609 751 1689 quando
762 1611 813 1677 vis,
827 1613 916 1668 intro:
935 1610 997 1668 faxo
1007 1611 1081 1667 haud
1094 1612 1243 1684 quicquam
1258 1613 1294 1668 sit
1303 1630 1404 1668 morae.

828 1722 1029 1778 lurrrrr'nn.

453 1814 534 1867 Recte
544 1811 654 1884 loquere
664 1822 691 1867 et
699 1814 814 1884 proinde
823 1814 983 1889 diligentem
998 1822 1029 1870 ut
1038 1831 1151 1869 uxorem
1163 1813 1248 1875 decet.
1273 1801 1275 1804 ’

453 1907 509 1960 iam
520 1906 549 1960 hi
560 1904 640 1960 ambo
650 1913 677 1960 et
686 1923 780 1962 servos
789 1915 815 1962 et
829 1908 894 1962 here
905 1907 1004 1982 frustm
1014 1915 1079 1962 sunt
1089 1906 1154 1972 duo,
1173 1976 1176 1981 γ

358 2004 392 2057 20
450 1998 504 2066 Qui
515 2015 559 2053 me
569 1998 798 2070 Amphitruonem
812 2008 907 2055 rentur
916 2017 989 2056 esse:
1012 1999 1205 2073 errentpmbe.

375 2120 377 2125 ·
454 2090 677 2147 Nunctudivine
690 2092 746 2147 hue
755 2090 798 2147 fae
808 2093 879 2148 assis
889 2092 975 2167 Sosia.

453 2185 542 2251 Audis
552 2201 623 2257 quae
633 2184 704 2252 dice,
716 2186 824 2240 tametsi
834 2202 963 2259 praesens
973 2199 1027 2240 non
1038 2183 1104 2259 edes
1110 2205 1117 2238 :

375 2294 377 2300 ·
455 2279 509 2333 Fac
519 2264 747 2349 Amphiiruonem
761 2277 951 2334 advenientem
963 2277 997 2354 eb
1007 2276 1123 2331 aedibus

361 2367 423 2446 [ese]
454 2368 556 2444 Abigas
566 2372 666 2443 quovis
676 2377 764 2446 paeto,
777 2369 819 2426 fae
829 2365 1001 2426 oommenius
1014 2371 1078 2424 sies.

361 2465 395 2520 25
452 2462 517 2517 Volo
528 2462 622 2518 deludi
633 2462 722 2528 iilum,
735 2462 803 2518 dum
813 2480 878 2518 cum
892 2463 943 2518 hec
953 2462 1077 2518 usuraria

455 2556 545 2610 Uxore
555 2573 629 2609 nune
638 2555 707 2609 mihi
719 2557 864 2629 morigero,
876 2555 943 2610 hae'c
953 2562 1045 2610 curate
1055 2555 1111 2609 sint

456 2648 510 2702 Fae
519 2647 558 2701 sis
567 2646 683 2719 proinde
693 2647 761 2710 adeo
770 2646 800 2704 ut'
810 2664 855 2702 me
865 2648 935 2703 velle
945 2643 1085 2721 intellegis·

457 2741 546 2813 Atque
556 2749 587 2795 ut
597 2741 736 2796 ministres
747 2741 825 2807 mihi¹
838 2759 902 2796 cum
913 2740 1073 2818 sneruficem
1085 2739 1163 2794 mihi.

826 2923 1030 2932 -ο-ω--ι

825 2935 1030 2944 -.-.——-—-

814 3103 1053 3177 mnncnnnm.

380 3274 382 3279 ¹
458 3213 603 3268 Concedite
613 3222 695 3286 etque
704 3215 841 3270 abscedite
850 3202 956 3280 omnes,
968 3199 1057 3269 devia
1067 3212 1199 3268 decedite.

459 3307 514 3360 Nec
523 3306 672 3382 qnisquam
683 3315 738 3362 tem
748 3300 907 3364 eudnx'fuat
917 3308 1008 3372 homo,
1024 3307 1071 3380 qui
1084 3306 1194 3361 obviem
1204 3303 1319 3361 obsistat
1329 3307 1412 3364 mihi.

459 3400 527 3453 Nam
539 3399 608 3453 mihi
618 3398 731 3471 quidem
742 3399 833 3455 hercle
843 3401 894 3474 qui
905 3400 998 3455 minus
1010 3397 1088 3461 liceat
1097 3397 1148 3452 deo
1161 3389 1326 3452 minitarier

460 3490 563 3562 Populo
574 3491 603 3546 ni
614 3492 726 3548 decedat
736 3492 805 3548 mihi
816 3509 900 3563 quem
914 3490 1023 3546 servulo
1033 3492 1062 3545 in
1073 3488 1240 3545 comoediis?

364 3586 381 3637 5
457 3582 504 3638 {de
514 3602 612 3639 navem
623 3586 727 3641 salvam
742 3586 854 3640 nunciet
864 3594 910 3639 aut
919 3585 979 3638 irati
991 3582 1138 3639 adventum
1153 3583 1241 3637 senis:

366 3671 426 3749 [⁹9⁰]
454 3676 512 3749 Ego
521 3695 584 3732 surn
596 3680 652 3733 lovi
663 3678 736 3734 dieto
746 3676 870 3742 audienS‚
884 3678 943 3731 eius
954 3677 1033 3730 iussu
1044 3693 1117 3729 nunc
1129 3675 1183 3730 huc
1193 3693 1238 3730 me
1248 3675 1338 3732 effero.

458 3768 641 3835 Quamobrem
653 3771 722 3825 mihi
735 3771 823 3844 magis
834 3787 883 3840 per
894 3777 934 3823 est
946 3769 989 3822 vie
999 3768 1130 3822 decedere
1141 3778 1167 3822 et
1176 3769 1333 3824 concedere.

447 3861 535 3918 ,Peter
550 3870 628 3917 vocet
643 3880 696 3927 me,
713 3880 777 3919 eum
792 3879 901 3934 sequor,
918 3862 978 3916 eius
993 3861 1065 3916 dicto
1076 3862 1266 3932 imperiosum
1277 3862 1412 3921 audiens:

459 3955 492 4008 Ut
506 3954 594 4010 fliium
605 3955 709 4020 bonum
719 3957 790 4028 petri
801 3973 862 4013 esse
874 3963 988 4027 operiet,
1000 3954 1099 4018 itidem
1106 3972 1157 4028 ege
1166 3973 1228 4010 snm
1242 3956 1323 4028 perri.
1405 4008 1409 4015 .
