<?xml version="1.0" encoding="UTF-8"?>
<!DOCTYPE html PUBLIC "-//W3C//DTD XHTML 1.0 Transitional//EN"
    "http://www.w3.org/TR/xhtml1/DTD/xhtml1-transitional.dtd">
<html xmlns="http://www.w3.org/1999/xhtml" xml:lang="en" lang="en">
 <head>
  <title>
</title>
<meta http-equiv="Content-Type" content="text/html;charset=utf-8" />
  <meta name='ocr-system' content='tesseract 3.04.00' />
  <meta name='ocr-capabilities' content='ocr_page ocr_carea ocr_par ocr_line ocrx_word'/>
</head>
<body>
  <div class='ocr_page' id='page_1' title='image "./tmacciplautiamp00plaugoog_0063.png"; bbox 0 0 3409 4784; ppageno 0'>
   <div class='ocr_carea' id='block_1_1' title="bbox 646 579 1044 646">
    <p class='ocr_par' dir='ltr' id='par_1_1' title="bbox 646 579 1044 646">
     <span class='ocr_line' id='line_1_1' title="bbox 646 579 1044 646; baseline 0.003 -10"><span class='ocrx_word' id='word_1_1' title='bbox 646 582 710 636; x_wconf 71' lang='lat' dir='ltr'>Aci.</span> <span class='ocrx_word' id='word_1_2' title='bbox 724 581 758 636; x_wconf 86' lang='lat'>11.</span> <span class='ocrx_word' id='word_1_3' title='bbox 771 579 815 635; x_wconf 85' lang='lat' dir='ltr'>Sc.</span> <span class='ocrx_word' id='word_1_4' title='bbox 830 580 864 646; x_wconf 86' lang='lat' dir='ltr'>fl,</span> <span class='ocrx_word' id='word_1_5' title='bbox 879 583 1044 639; x_wconf 73' lang='lat' dir='ltr'>i7u—aii.</span> 
     </span>
    </p>
   </div>
   <div class='ocr_carea' id='block_1_2' title="bbox 701 734 967 887">
    <p class='ocr_par' dir='ltr' id='par_1_2' title="bbox 701 734 967 887">
     <span class='ocr_line' id='line_1_2' title="bbox 720 734 967 781; baseline -0.004 -1"><span class='ocrx_word' id='word_1_6' title='bbox 720 734 967 781; x_wconf 74' lang='lat' dir='ltr'>AMPHITRUO.</span> 
     </span>
     <span class='ocr_line' id='line_1_3' title="bbox 701 817 949 887; baseline 0 -15"><span class='ocrx_word' id='word_1_7' title='bbox 701 822 766 887; x_wconf 83' lang='lat' dir='ltr'>quid</span> <span class='ocrx_word' id='word_1_8' title='bbox 779 817 949 872; x_wconf 68' lang='lat' dir='ltr'>testiculum?</span> 
     </span>
    </p>
   </div>
   <div class='ocr_carea' id='block_1_3' title="bbox 365 936 1208 1188">
    <p class='ocr_par' dir='ltr' id='par_1_3' title="bbox 365 936 1208 1188">
     <span class='ocr_line' id='line_1_4' title="bbox 729 936 950 982; baseline 0 0"><span class='ocrx_word' id='word_1_9' title='bbox 729 936 886 982; x_wconf 76' lang='lat' dir='ltr'><strong>ALCUME</strong></span> <span class='ocrx_word' id='word_1_10' title='bbox 892 938 915 981; x_wconf 92' lang='lat' dir='ltr'>N</span> <span class='ocrx_word' id='word_1_11' title='bbox 921 938 950 982; x_wconf 79' lang='lat' dir='ltr'>A.</span> 
     </span>
     <span class='ocr_line' id='line_1_5' title="bbox 966 1025 1208 1076; baseline 0.012 -3"><span class='ocrx_word' id='word_1_12' title='bbox 966 1025 1035 1074; x_wconf 80' lang='lat' dir='ltr'>enim</span> <span class='ocrx_word' id='word_1_13' title='bbox 1044 1038 1097 1074; x_wconf 83' lang='lat' dir='ltr'>uno</span> <span class='ocrx_word' id='word_1_14' title='bbox 1109 1031 1152 1076; x_wconf 79' lang='lat' dir='ltr'>eut</span> <span class='ocrx_word' id='word_1_15' title='bbox 1165 1034 1208 1076; x_wconf 73' lang='lat' dir='ltr'>cci.</span> 
     </span>
     <span class='ocr_line' id='line_1_6' title="bbox 365 1112 1134 1188; baseline 0.005 -23"><span class='ocrx_word' id='word_1_16' title='bbox 365 1112 421 1166; x_wconf 82' lang='lat' dir='ltr'>Nec</span> <span class='ocrx_word' id='word_1_17' title='bbox 431 1114 506 1166; x_wconf 69' lang='lat' dir='ltr'>nobie</span> <span class='ocrx_word' id='word_1_18' title='bbox 513 1120 651 1180; x_wconf 74' lang='lat' dir='ltr'><em>praesente</em></span> <span class='ocrx_word' id='word_1_19' title='bbox 663 1115 763 1180; x_wconf 75' lang='lat' dir='ltr'>aliquia</span> <span class='ocrx_word' id='word_1_20' title='bbox 775 1116 828 1166; x_wconf 78' lang='lat' dir='ltr'>aiei</span> <span class='ocrx_word' id='word_1_21' title='bbox 840 1129 932 1166; x_wconf 67' lang='lat' dir='ltr'>emus</span> <span class='ocrx_word' id='word_1_22' title='bbox 945 1113 1022 1168; x_wconf 77' lang='lat' dir='ltr'>Sosia</span> <span class='ocrx_word' id='word_1_23' title='bbox 1036 1112 1134 1188; x_wconf 61' lang='lat' dir='ltr'>cunia]</span> 
     </span>
    </p>
   </div>
   <div class='ocr_carea' id='block_1_4' title="bbox 325 1231 1242 1663">
    <p class='ocr_par' dir='ltr' id='par_1_4' title="bbox 325 1231 1242 1663">
     <span class='ocr_line' id='line_1_7' title="bbox 780 1231 905 1276; baseline 0.016 -2"><span class='ocrx_word' id='word_1_24' title='bbox 780 1231 905 1276; x_wconf 79' lang='lat' dir='ltr'>SOSIA.</span> 
     </span>
     <span class='ocr_line' id='line_1_8' title="bbox 363 1313 1097 1386; baseline 0.003 -19"><span class='ocrx_word' id='word_1_25' title='bbox 363 1314 464 1368; x_wconf 91' lang='lat' dir='ltr'>Nescio</span> <span class='ocrx_word' id='word_1_26' title='bbox 473 1313 542 1386; x_wconf 92' lang='lat' dir='ltr'>quid</span> <span class='ocrx_word' id='word_1_27' title='bbox 553 1314 625 1368; x_wconf 86' lang='lat' dir='ltr'>istuc</span> <span class='ocrx_word' id='word_1_28' title='bbox 635 1315 724 1386; x_wconf 82' lang='lat' dir='ltr'>negoti</span> <span class='ocrx_word' id='word_1_29' title='bbox 739 1314 838 1380; x_wconf 89' lang='lat' dir='ltr'>dicam,</span> <span class='ocrx_word' id='word_1_30' title='bbox 855 1314 910 1369; x_wconf 89' lang='lat' dir='ltr'>nisi</span> <span class='ocrx_word' id='word_1_31' title='bbox 923 1315 947 1368; x_wconf 92' lang='lat' dir='ltr'>si</span> <span class='ocrx_word' id='word_1_32' title='bbox 957 1316 1097 1386; x_wconf 81' lang='lat' dir='ltr'>quispiam</span> 
     </span>
     <span class='ocr_line' id='line_1_9' title="bbox 363 1404 1148 1483; baseline 0.004 -23"><span class='ocrx_word' id='word_1_33' title='bbox 363 1405 415 1461; x_wconf 84' lang='lat' dir='ltr'>Est</span> <span class='ocrx_word' id='word_1_34' title='bbox 427 1404 593 1483; x_wconf 76' lang='lat' dir='ltr'>Amphitruo</span> <span class='ocrx_word' id='word_1_35' title='bbox 603 1405 683 1471; x_wconf 84' lang='lat' dir='ltr'>alius,</span> <span class='ocrx_word' id='word_1_36' title='bbox 698 1407 748 1479; x_wconf 93' lang='lat' dir='ltr'>qui</span> <span class='ocrx_word' id='word_1_37' title='bbox 762 1404 831 1462; x_wconf 80' lang='lat' dir='ltr'>forte</span> <span class='ocrx_word' id='word_1_38' title='bbox 843 1405 1011 1461; x_wconf 83' lang='lat' dir='ltr'>hicabscnte</span> <span class='ocrx_word' id='word_1_39' title='bbox 1022 1415 1148 1463; x_wconf 80' lang='lat' dir='ltr'>tatamen</span> 
     </span>
     <span class='ocr_line' id='line_1_10' title="bbox 325 1491 1242 1574; baseline 0.005 -22"><span class='ocrx_word' id='word_1_40' title='bbox 325 1491 328 1497; x_wconf 80' lang='grc'><strong>’</strong></span> <span class='ocrx_word' id='word_1_41' title='bbox 363 1497 452 1553; x_wconf 85' lang='lat' dir='ltr'>Tuam</span> <span class='ocrx_word' id='word_1_42' title='bbox 462 1510 520 1553; x_wconf 84' lang='lat' dir='ltr'>¹rem</span> <span class='ocrx_word' id='word_1_43' title='bbox 533 1506 610 1554; x_wconf 82' lang='lat' dir='ltr'>curet</span> <span class='ocrx_word' id='word_1_44' title='bbox 623 1506 703 1572; x_wconf 84' lang='lat' dir='ltr'>teque</span> <span class='ocrx_word' id='word_1_45' title='bbox 713 1499 824 1554; x_wconf 78' lang='lat' dir='ltr'>absente</span> <span class='ocrx_word' id='word_1_46' title='bbox 835 1500 881 1554; x_wconf 92' lang='lat' dir='ltr'>hic</span> <span class='ocrx_word' id='word_1_47' title='bbox 895 1516 998 1554; x_wconf 90' lang='lat' dir='ltr'>munus</span> <span class='ocrx_word' id='word_1_48' title='bbox 1010 1497 1140 1574; x_wconf 81' lang='lat' dir='ltr'>iungatur</span> <span class='ocrx_word' id='word_1_49' title='bbox 1153 1510 1242 1557; x_wconf 80' lang='lat' dir='ltr'>tuum.</span> 
     </span>
     <span class='ocr_line' id='line_1_11' title="bbox 364 1590 1090 1663; baseline 0.004 -18"><span class='ocrx_word' id='word_1_50' title='bbox 364 1591 491 1663; x_wconf 87' lang='lat' dir='ltr'>Namque</span> <span class='ocrx_word' id='word_1_51' title='bbox 500 1590 536 1646; x_wconf 87' lang='lat' dir='ltr'>de</span> <span class='ocrx_word' id='word_1_52' title='bbox 548 1590 596 1646; x_wconf 86' lang='lat' dir='ltr'>illo</span> <span class='ocrx_word' id='word_1_53' title='bbox 605 1591 746 1648; x_wconf 87' lang='lat' dir='ltr'>subditivo</span> <span class='ocrx_word' id='word_1_54' title='bbox 759 1591 835 1647; x_wconf 90' lang='lat' dir='ltr'>Sosia</span> <span class='ocrx_word' id='word_1_55' title='bbox 850 1591 952 1646; x_wconf 87' lang='lat' dir='ltr'>mirum</span> <span class='ocrx_word' id='word_1_56' title='bbox 964 1593 1090 1648; x_wconf 86' lang='lat' dir='ltr'>nimis’st.</span> 
     </span>
    </p>
   </div>
   <div class='ocr_carea' id='block_1_5' title="bbox 364 1682 1252 1763">
    <p class='ocr_par' dir='ltr' id='par_1_5' title="bbox 364 1682 1252 1763">
     <span class='ocr_line' id='line_1_12' title="bbox 364 1682 1252 1763; baseline 0.003 -24"><span class='ocrx_word' id='word_1_57' title='bbox 364 1682 443 1740; x_wconf 81' lang='lat' dir='ltr'>Certe</span> <span class='ocrx_word' id='word_1_58' title='bbox 453 1683 487 1738; x_wconf 88' lang='lat' dir='ltr'>de</span> <span class='ocrx_word' id='word_1_59' title='bbox 499 1684 569 1738; x_wconf 82' lang='lat' dir='ltr'>istoc</span> <span class='ocrx_word' id='word_1_60' title='bbox 579 1682 780 1755; x_wconf 75' lang='lat' dir='ltr'>Amphitruone</span> <span class='ocrx_word' id='word_1_61' title='bbox 790 1685 844 1738; x_wconf 92' lang='lat' dir='ltr'>iam</span> <span class='ocrx_word' id='word_1_62' title='bbox 859 1682 974 1739; x_wconf 85' lang='lat' dir='ltr'>alterum</span> <span class='ocrx_word' id='word_1_63' title='bbox 989 1687 1091 1741; x_wconf 89' lang='lat' dir='ltr'>mirum</span> <span class='ocrx_word' id='word_1_64' title='bbox 1103 1695 1144 1741; x_wconf 81' lang='lat' dir='ltr'>est</span> <span class='ocrx_word' id='word_1_65' title='bbox 1155 1689 1252 1763; x_wconf 82' lang='lat' dir='ltr'>magis.</span> 
     </span>
    </p>
   </div>
   <div class='ocr_carea' id='block_1_6' title="bbox 364 1775 1137 1851">
    <p class='ocr_par' dir='ltr' id='par_1_6' title="bbox 364 1775 1137 1851">
     <span class='ocr_line' id='line_1_13' title="bbox 364 1775 1137 1851; baseline 0.004 -20"><span class='ocrx_word' id='word_1_66' title='bbox 364 1777 462 1831; x_wconf 87' lang='lat' dir='ltr'>Nescio</span> <span class='ocrx_word' id='word_1_67' title='bbox 472 1777 537 1849; x_wconf 85' lang='lat' dir='ltr'>quis</span> <span class='ocrx_word' id='word_1_68' title='bbox 547 1776 735 1851; x_wconf 81' lang='lat' dir='ltr'><strong>praestigiator</strong></span> <span class='ocrx_word' id='word_1_69' title='bbox 745 1776 815 1832; x_wconf 90' lang='lat' dir='ltr'>hanc</span> <span class='ocrx_word' id='word_1_70' title='bbox 827 1775 973 1832; x_wconf 83' lang='lat' dir='ltr'>frustratur</span> <span class='ocrx_word' id='word_1_71' title='bbox 983 1778 1137 1834; x_wconf 87' lang='lat' dir='ltr'>mulierem.</span> 
     </span>
    </p>
   </div>
   <div class='ocr_carea' id='block_1_7' title="bbox 363 1896 1183 2339">
    <p class='ocr_par' dir='ltr' id='par_1_7' title="bbox 363 1896 1183 2339">
     <span class='ocr_line' id='line_1_14' title="bbox 734 1896 956 1943; baseline 0.005 -1"><span class='ocrx_word' id='word_1_72' title='bbox 734 1896 865 1942; x_wconf 82' lang='lat' dir='ltr'>ALCUM</span> <span class='ocrx_word' id='word_1_73' title='bbox 870 1897 956 1943; x_wconf 82' lang='lat' dir='ltr'>ENA.</span> 
     </span>
     <span class='ocr_line' id='line_1_15' title="bbox 363 1979 1129 2054; baseline 0.001 -20"><span class='ocrx_word' id='word_1_74' title='bbox 363 1980 415 2034; x_wconf 82' lang='lat' dir='ltr'>Per</span> <span class='ocrx_word' id='word_1_75' title='bbox 424 1980 548 2050; x_wconf 88' lang='lat' dir='ltr'>supremi</span> <span class='ocrx_word' id='word_1_76' title='bbox 559 1979 631 2053; x_wconf 83' lang='lat' dir='ltr'>regis</span> <span class='ocrx_word' id='word_1_77' title='bbox 640 1996 756 2054; x_wconf 79' lang='lat' dir='ltr'>regnum</span> <span class='ocrx_word' id='word_1_78' title='bbox 770 1979 831 2035; x_wconf 87' lang='lat' dir='ltr'>ium</span> <span class='ocrx_word' id='word_1_79' title='bbox 844 1987 871 2034; x_wconf 82' lang='lat' dir='ltr'>et</span> <span class='ocrx_word' id='word_1_80' title='bbox 883 1988 997 2035; x_wconf 85' lang='lat' dir='ltr'>matrem</span> <span class='ocrx_word' id='word_1_81' title='bbox 1011 1979 1129 2035; x_wconf 82' lang='lat' dir='ltr'>familias</span> 
     </span>
     <span class='ocr_line' id='line_1_16' title="bbox 363 2071 1183 2146; baseline 0 -20"><span class='ocrx_word' id='word_1_82' title='bbox 363 2072 507 2138; x_wconf 88' lang='lat' dir='ltr'>lunonem,</span> <span class='ocrx_word' id='word_1_83' title='bbox 518 2089 602 2146; x_wconf 89' lang='lat' dir='ltr'>quam</span> <span class='ocrx_word' id='word_1_84' title='bbox 617 2088 662 2126; x_wconf 87' lang='lat' dir='ltr'>me</span> <span class='ocrx_word' id='word_1_85' title='bbox 673 2071 760 2127; x_wconf 87' lang='lat' dir='ltr'>vereri</span> <span class='ocrx_word' id='word_1_86' title='bbox 771 2081 797 2126; x_wconf 76' lang='lat' dir='ltr'>ct</span> <span class='ocrx_word' id='word_1_87' title='bbox 806 2079 928 2126; x_wconf 87' lang='lat' dir='ltr'>metuere</span> <span class='ocrx_word' id='word_1_88' title='bbox 937 2081 978 2128; x_wconf 84' lang='lat' dir='ltr'>est</span> <span class='ocrx_word' id='word_1_89' title='bbox 987 2091 1037 2145; x_wconf 87' lang='lat' dir='ltr'>par</span> <span class='ocrx_word' id='word_1_90' title='bbox 1046 2090 1183 2138; x_wconf 85' lang='lat' dir='ltr'>maxume,</span> 
     </span>
     <span class='ocr_line' id='line_1_17' title="bbox 364 2160 1134 2235; baseline -0.001 -15"><span class='ocrx_word' id='word_1_91' title='bbox 364 2165 400 2220; x_wconf 87' lang='lat' dir='ltr'>Ut</span> <span class='ocrx_word' id='word_1_92' title='bbox 410 2165 448 2219; x_wconf 94' lang='lat' dir='ltr'>mi</span> <span class='ocrx_word' id='word_1_93' title='bbox 462 2173 537 2220; x_wconf 80' lang='lat' dir='ltr'>extra</span> <span class='ocrx_word' id='word_1_94' title='bbox 547 2181 635 2219; x_wconf 92' lang='lat' dir='ltr'>unum</span> <span class='ocrx_word' id='word_1_95' title='bbox 645 2172 671 2220; x_wconf 84' lang='lat' dir='ltr'>tc</span> <span class='ocrx_word' id='word_1_96' title='bbox 684 2160 807 2218; x_wconf 84' lang='lat' dir='ltr'>mortalis</span> <span class='ocrx_word' id='word_1_97' title='bbox 820 2181 901 2218; x_wconf 88' lang='lat' dir='ltr'>nemo</span> <span class='ocrx_word' id='word_1_98' title='bbox 912 2178 1012 2233; x_wconf 83' lang='lat' dir='ltr'>corpus</span> <span class='ocrx_word' id='word_1_99' title='bbox 1022 2179 1134 2235; x_wconf 79' lang='lat' dir='ltr'>corpore</span> 
     </span>
     <span class='ocr_line' id='line_1_18' title="bbox 363 2253 919 2339; baseline -0.007 -27"><span class='ocrx_word' id='word_1_100' title='bbox 363 2257 494 2330; x_wconf 79' lang='lat' dir='ltr'>Contigit,</span> <span class='ocrx_word' id='word_1_101' title='bbox 506 2275 562 2339; x_wconf 84' lang='lat' dir='ltr'>quq</span> <span class='ocrx_word' id='word_1_102' title='bbox 571 2274 616 2312; x_wconf 89' lang='lat' dir='ltr'>me</span> <span class='ocrx_word' id='word_1_103' title='bbox 625 2255 795 2330; x_wconf 85' lang='lat' dir='ltr'>impudicam</span> <span class='ocrx_word' id='word_1_104' title='bbox 810 2253 919 2312; x_wconf 81' lang='lat' dir='ltr'>faceret.</span> 
     </span>
    </p>
   </div>
   <div class='ocr_carea' id='block_1_8' title="bbox 723 2379 1192 2520">
    <p class='ocr_par' dir='ltr' id='par_1_8' title="bbox 723 2379 1192 2520">
     <span class='ocr_line' id='line_1_19' title="bbox 723 2379 967 2427; baseline -0.012 0"><span class='ocrx_word' id='word_1_105' title='bbox 723 2379 967 2427; x_wconf 80' lang='lat' dir='ltr'>AMPHITRUO.</span> 
     </span>
     <span class='ocr_line' id='line_1_20' title="bbox 819 2441 1192 2520; baseline 0.003 -1"><span class='ocrx_word' id='word_1_106' title='bbox 819 2453 821 2457; x_wconf 7' lang='grc' dir='ltr'>η</span> <span class='ocrx_word' id='word_1_107' title='bbox 912 2441 1088 2520; x_wconf 75' lang='lat' dir='ltr'>veiaisthacc</span> <span class='ocrx_word' id='word_1_108' title='bbox 1100 2463 1192 2520; x_wconf 89' lang='lat' dir='ltr'>velim.</span> 
     </span>
    </p>
   </div>
   <div class='ocr_carea' id='block_1_9' title="bbox 363 2582 1172 2740">
    <p class='ocr_par' dir='ltr' id='par_1_9' title="bbox 363 2582 1172 2740">
     <span class='ocr_line' id='line_1_21' title="bbox 725 2582 949 2632; baseline 0.004 -3"><span class='ocrx_word' id='word_1_109' title='bbox 725 2583 883 2629; x_wconf 81' lang='lat' dir='ltr'><strong>ALCUME</strong></span> <span class='ocrx_word' id='word_1_110' title='bbox 889 2582 949 2632; x_wconf 85' lang='lat' dir='ltr'>NA.</span> 
     </span>
     <span class='ocr_line' id='line_1_22' title="bbox 363 2665 1172 2740; baseline -0.006 -15"><span class='ocrx_word' id='word_1_111' title='bbox 363 2670 430 2726; x_wconf 83' lang='lat' dir='ltr'>Vem</span> <span class='ocrx_word' id='word_1_112' title='bbox 440 2668 510 2733; x_wconf 91' lang='lat' dir='ltr'>dico,</span> <span class='ocrx_word' id='word_1_113' title='bbox 523 2667 572 2722; x_wconf 84' lang='lat' dir='ltr'>sed</span> <span class='ocrx_word' id='word_1_114' title='bbox 583 2667 777 2740; x_wconf 76' lang='lat' dir='ltr'>nequicquam,</span> <span class='ocrx_word' id='word_1_115' title='bbox 790 2667 921 2739; x_wconf 87' lang='lat' dir='ltr'>quoniam</span> <span class='ocrx_word' id='word_1_116' title='bbox 936 2684 990 2722; x_wconf 90' lang='lat' dir='ltr'>non</span> <span class='ocrx_word' id='word_1_117' title='bbox 1002 2667 1045 2721; x_wconf 90' lang='lat' dir='ltr'>vis</span> <span class='ocrx_word' id='word_1_118' title='bbox 1055 2665 1172 2722; x_wconf 82' lang='lat' dir='ltr'>credere.</span> 
     </span>
    </p>
   </div>
   <div class='ocr_carea' id='block_1_10' title="bbox 362 2786 964 2937">
    <p class='ocr_par' dir='ltr' id='par_1_10' title="bbox 362 2786 964 2937">
     <span class='ocr_line' id='line_1_23' title="bbox 718 2786 964 2832; baseline -0.008 -1"><span class='ocrx_word' id='word_1_119' title='bbox 718 2786 964 2832; x_wconf 81' lang='lat' dir='ltr'>AMPHITRUO.</span> 
     </span>
     <span class='ocr_line' id='line_1_24' title="bbox 362 2870 745 2937; baseline -0.016 -9"><span class='ocrx_word' id='word_1_120' title='bbox 362 2871 511 2937; x_wconf 70' lang='lat' dir='ltr'>Mulieres,</span> <span class='ocrx_word' id='word_1_121' title='bbox 524 2870 651 2926; x_wconf 82' lang='lat' dir='ltr'>audacter</span> <span class='ocrx_word' id='word_1_122' title='bbox 662 2872 745 2926; x_wconf 85' lang='lat' dir='ltr'>iuras.</span> 
     </span>
    </p>
   </div>
   <div class='ocr_carea' id='block_1_11' title="bbox 362 2986 1128 3235">
    <p class='ocr_par' dir='ltr' id='par_1_11' title="bbox 362 2986 1128 3235">
     <span class='ocr_line' id='line_1_25' title="bbox 729 2986 952 3033; baseline -0.004 0"><span class='ocrx_word' id='word_1_123' title='bbox 729 2986 952 3033; x_wconf 80' lang='lat' dir='ltr'><strong>ALCUMENA.</strong></span> 
     </span>
     <span class='ocr_line' id='line_1_26' title="bbox 744 3068 1108 3143; baseline 0 -19"><span class='ocrx_word' id='word_1_124' title='bbox 744 3087 815 3143; x_wconf 88' lang='lat' dir='ltr'>quae</span> <span class='ocrx_word' id='word_1_125' title='bbox 825 3086 880 3124; x_wconf 88' lang='lat' dir='ltr'>non</span> <span class='ocrx_word' id='word_1_126' title='bbox 891 3068 1017 3142; x_wconf 83' lang='lat' dir='ltr'>deliquit,</span> <span class='ocrx_word' id='word_1_127' title='bbox 1031 3069 1108 3124; x_wconf 85' lang='lat' dir='ltr'>decet</span> 
     </span>
     <span class='ocr_line' id='line_1_27' title="bbox 362 3160 1128 3235; baseline -0.008 -13"><span class='ocrx_word' id='word_1_128' title='bbox 362 3166 502 3222; x_wconf 79' lang='lat' dir='ltr'>Audacem</span> <span class='ocrx_word' id='word_1_129' title='bbox 513 3182 583 3231; x_wconf 87' lang='lat' dir='ltr'>esse,</span> <span class='ocrx_word' id='word_1_130' title='bbox 595 3163 762 3218; x_wconf 77' lang='lat' dir='ltr'>confidenter</span> <span class='ocrx_word' id='word_1_131' title='bbox 771 3180 820 3234; x_wconf 89' lang='lat' dir='ltr'>pm</span> <span class='ocrx_word' id='word_1_132' title='bbox 831 3179 861 3217; x_wconf 92' lang='lat' dir='ltr'>sc</span> <span class='ocrx_word' id='word_1_133' title='bbox 873 3170 900 3217; x_wconf 86' lang='lat' dir='ltr'>et</span> <span class='ocrx_word' id='word_1_134' title='bbox 909 3168 1034 3233; x_wconf 83' lang='lat' dir='ltr'>proterve</span> <span class='ocrx_word' id='word_1_135' title='bbox 1044 3160 1128 3235; x_wconf 83' lang='lat' dir='ltr'>ioqui.</span> 
     </span>
    </p>
   </div>
   <div class='ocr_carea' id='block_1_12' title="bbox 362 3274 959 3424">
    <p class='ocr_par' dir='ltr' id='par_1_12' title="bbox 362 3274 959 3424">
     <span class='ocr_line' id='line_1_28' title="bbox 715 3274 959 3328; baseline -0.016 0"><span class='ocrx_word' id='word_1_136' title='bbox 715 3274 959 3328; x_wconf 82' lang='lat' dir='ltr'>AMPHITRUO.</span> 
     </span>
     <span class='ocr_line' id='line_1_29' title="bbox 362 3367 580 3424; baseline -0.014 0"><span class='ocrx_word' id='word_1_137' title='bbox 362 3368 434 3424; x_wconf 79' lang='lat' dir='ltr'>Satis</span> <span class='ocrx_word' id='word_1_138' title='bbox 443 3367 580 3423; x_wconf 83' lang='lat' dir='ltr'>audacter.</span> 
     </span>
    </p>
   </div>
   <div class='ocr_carea' id='block_1_13' title="bbox 589 3484 948 3641">
    <p class='ocr_par' dir='ltr' id='par_1_13' title="bbox 589 3484 948 3641">
     <span class='ocr_line' id='line_1_30' title="bbox 730 3484 948 3530; baseline -0.009 0"><span class='ocrx_word' id='word_1_139' title='bbox 730 3484 948 3530; x_wconf 74' lang='lat' dir='ltr'>ALCUMENA.</span> 
     </span>
     <span class='ocr_line' id='line_1_31' title="bbox 589 3567 858 3641; baseline 0.004 -18"><span class='ocrx_word' id='word_1_140' title='bbox 589 3577 618 3623; x_wconf 89' lang='lat' dir='ltr'>ut</span> <span class='ocrx_word' id='word_1_141' title='bbox 628 3567 705 3623; x_wconf 78' lang='lat' dir='ltr'>decet</span> <span class='ocrx_word' id='word_1_142' title='bbox 717 3567 858 3641; x_wconf 57' lang='lat' dir='ltr'>pudicam„</span> 
     </span>
    </p>
   </div>
   <div class='ocr_carea' id='block_1_14' title="bbox 364 3687 1185 3936">
    <p class='ocr_par' dir='ltr' id='par_1_14' title="bbox 364 3687 1185 3936">
     <span class='ocr_line' id='line_1_32' title="bbox 719 3687 966 3734; baseline -0.012 0"><span class='ocrx_word' id='word_1_143' title='bbox 719 3687 966 3734; x_wconf 78' lang='lat' dir='ltr'>AMPHITRUO.</span> 
     </span>
     <span class='ocr_line' id='line_1_33' title="bbox 882 3765 1135 3838; baseline -0.024 -12"><span class='ocrx_word' id='word_1_144' title='bbox 882 3777 911 3825; x_wconf 85' lang='lat' dir='ltr'>tu</span> <span class='ocrx_word' id='word_1_145' title='bbox 921 3768 1014 3825; x_wconf 79' lang='lat' dir='ltr'>verbis</span> <span class='ocrx_word' id='word_1_146' title='bbox 1027 3765 1135 3838; x_wconf 82' lang='lat' dir='ltr'>probas.</span> 
     </span>
     <span class='ocr_line' id='line_1_34' title="bbox 364 3857 1185 3936; baseline -0.011 -17"><span class='ocrx_word' id='word_1_147' title='bbox 364 3866 424 3919; x_wconf 87' lang='lat' dir='ltr'>Non</span> <span class='ocrx_word' id='word_1_148' title='bbox 435 3880 485 3936; x_wconf 80' lang='lat' dir='ltr'>ego</span> <span class='ocrx_word' id='word_1_149' title='bbox 495 3861 570 3918; x_wconf 89' lang='lat' dir='ltr'>illam</span> <span class='ocrx_word' id='word_1_150' title='bbox 581 3863 651 3917; x_wconf 90' lang='lat' dir='ltr'>mihi</span> <span class='ocrx_word' id='word_1_151' title='bbox 661 3863 752 3918; x_wconf 85' lang='lat' dir='ltr'>dotem</span> <span class='ocrx_word' id='word_1_152' title='bbox 767 3861 838 3918; x_wconf 86' lang='lat' dir='ltr'>duco</span> <span class='ocrx_word' id='word_1_153' title='bbox 847 3878 917 3927; x_wconf 86' lang='lat' dir='ltr'>csse,</span> <span class='ocrx_word' id='word_1_154' title='bbox 932 3876 1004 3934; x_wconf 88' lang='lat' dir='ltr'>quae</span> <span class='ocrx_word' id='word_1_155' title='bbox 1013 3858 1063 3914; x_wconf 85' lang='lat' dir='ltr'>dos</span> <span class='ocrx_word' id='word_1_156' title='bbox 1074 3857 1185 3923; x_wconf 79' lang='lat' dir='ltr'>dicitur,</span> 
     </span>
    </p>
   </div>
   <div class='ocr_carea' id='block_1_15' title="bbox 363 3951 1205 4097">
    <p class='ocr_par' dir='ltr' id='par_1_15' title="bbox 363 3951 1205 4097">
     <span class='ocr_line' id='line_1_35' title="bbox 363 3951 1125 4030; baseline -0.012 -16"><span class='ocrx_word' id='word_1_157' title='bbox 363 3956 418 4014; x_wconf 87' lang='lat' dir='ltr'>Sed</span> <span class='ocrx_word' id='word_1_158' title='bbox 428 3955 591 4030; x_wconf 87' lang='lat' dir='ltr'>pudicitiam</span> <span class='ocrx_word' id='word_1_159' title='bbox 602 3964 628 4011; x_wconf 86' lang='lat' dir='ltr'>et</span> <span class='ocrx_word' id='word_1_160' title='bbox 637 3955 772 4029; x_wconf 83' lang='lat' dir='ltr'>pudorem</span> <span class='ocrx_word' id='word_1_161' title='bbox 783 3963 809 4012; x_wconf 82' lang='lat' dir='ltr'>et</span> <span class='ocrx_word' id='word_1_162' title='bbox 819 3953 944 4011; x_wconf 81' lang='lat' dir='ltr'>sedatum</span> <span class='ocrx_word' id='word_1_163' title='bbox 955 3951 1125 4024; x_wconf 84' lang='lat' dir='ltr'>cupidinem,</span> 
     </span>
     <span class='ocr_line' id='line_1_36' title="bbox 403 4033 1205 4097; baseline -0.01 -3"><span class='ocrx_word' id='word_1_164' title='bbox 403 4039 496 4096; x_wconf 79' lang='lat' dir='ltr'>Pmm.</span> <span class='ocrx_word' id='word_1_165' title='bbox 517 4037 600 4097; x_wconf 69' lang='lat' dir='ltr'>Anu.</span> <span class='ocrx_word' id='word_1_166' title='bbox 1182 4033 1205 4086; x_wconf 88' lang='lat' dir='ltr'>D</span> 
     </span>
    </p>
   </div>
   <div class='ocr_carea' id='block_1_16' title="bbox 1352 1597 1415 1750">
    <p class='ocr_par' dir='ltr' id='par_1_16' title="bbox 1352 1597 1415 1750">
     <span class='ocr_line' id='line_1_37' title="bbox 1352 1597 1414 1676; baseline 0.016 -1"><span class='ocrx_word' id='word_1_167' title='bbox 1352 1597 1414 1676; x_wconf 72' lang='lat'>[⁸³⁰]</span> 
     </span>
     <span class='ocr_line' id='line_1_38' title="bbox 1364 1696 1415 1750; baseline -0.039 0"><span class='ocrx_word' id='word_1_168' title='bbox 1364 1696 1415 1750; x_wconf 80' lang='lat' dir='ltr'>auc</span> 
     </span>
    </p>
   </div>
   <div class='ocr_carea' id='block_1_17' title="bbox 0 0 1710 4784">
    <p class='ocr_par' dir='ltr' id='par_1_17' title="bbox 0 0 1710 4784">
     <span class='ocr_line' id='line_1_39' title="bbox 0 0 1710 4784; baseline 0 0"><span class='ocrx_word' id='word_1_169' title='bbox 0 0 1710 4784; x_wconf 95' lang='lat' dir='ltr'> </span> 
     </span>
    </p>
   </div>
  </div>
 </body>
</html>
