3409 4784
447 551 480 605 40
737 548 1100 605 AMPHITRUO.

449 691 594 766 Appellare
605 692 702 748 itidem
713 701 745 749 ut
754 692 870 765 pudicae
883 708 948 747 suos
960 692 1044 756 viros,
1056 708 1127 764 quae
1140 700 1213 757 sunt,
1230 692 1326 750 soient.

450 786 490 842 Eo
499 803 575 842 more
584 793 725 859 expertem
734 793 761 842 te
771 785 870 840 factam
879 783 1029 840 adveniens
1039 783 1139 840 offendi
1150 783 1234 840 domi.

817 902 1040 949 ALCUMENA.

449 986 561 1042 Ecastor
571 986 700 1060 equidem
711 996 737 1043 te
750 996 822 1043 certo
835 986 1026 1042 advenientem
1038 984 1097 1040 heri
1110 983 1186 1040 illico

449 1078 484 1134 Et
496 1078 614 1143 salutavi
624 1089 651 1134 et
661 1079 830 1136 valuissesne
842 1094 942 1151 usque,
955 1077 1094 1150 exquisivi
1105 1076 1199 1142 simul,

358 1173 392 1224 85
452 1171 490 1225 Mi
499 1171 551 1236 vir,
564 1179 591 1227 et
601 1189 714 1227 manum
725 1171 859 1244 prehendi
869 1178 895 1226 et
907 1167 1035 1225 osculum
1045 1168 1122 1224 tetuli
1134 1169 1194 1224 tibi.

871 1290 888 1334 8
895 1290 917 1334 0
923 1289 939 1333 S
944 1287 992 1335 IA.

452 1370 520 1427 'sun’
531 1371 591 1428 heri
600 1372 675 1429 hune
684 1369 858 1428 salutavisti‘?

811 1489 1035 1537 ALCUMENA.

847 1580 874 1628 et
883 1580 910 1628 te
918 1588 1030 1644 quoque
1043 1572 1134 1636 etiam,
1147 1571 1233 1627 Sosia.

869 1690 992 1737 sosIA.
1076 1693 1080 1702 '

454 1770 628 1843 Amphitruo,
640 1774 749 1846 speravi
758 1789 809 1847 ego
818 1773 899 1828 istam
913 1772 964 1828 tibi
975 1773 1126 1846 parituram
1137 1770 1235 1838 filium,

454 1863 554 1920 Verum
568 1882 622 1921 non
633 1873 674 1920 est
683 1882 769 1937 puero
778 1863 902 1940 gravida.

807 1981 1054 2030 AMPHITRUO.

909 2064 984 2133 Quid
996 2064 1100 2141 igitur?

870 2185 991 2231 sosIA.

1094 2266 1209 2322 insania.

822 2382 1044 2430 ALCUMENA.

363 2459 425 2539 [72⁰]
454 2464 591 2537 Equidem
601 2482 667 2520 sana
676 2482 740 2520 sum
753 2474 780 2520 et
788 2465 855 2521 deos
864 2482 966 2540 quaese
976 2475 1007 2522 ut
1017 2467 1092 2524 salva
1102 2469 1206 2540 pariam
1219 2466 1317 2524 filium.

364 2556 398 2610 90
454 2556 557 2612 Verum
568 2565 597 2612 tu
611 2574 742 2632 magnum
756 2557 861 2613 malum
872 2558 996 2622 habebis,
1012 2561 1037 2614 si
1052 2559 1098 2614 hie
1107 2577 1191 2615 suum
1200 2559 1325 2618 officium
1335 2561 1411 2629 facit,

457 2646 500 2704 Ob
510 2650 582 2705 istuc
590 2666 680 2715 omen,
695 2650 838 2715 ominatur,
851 2651 953 2723 capies,
966 2651 1040 2723 quod
1050 2651 1085 2706 de
1094 2652 1232 2708 condecet.

871 2769 992 2815 SOSIA.

457 2850 605 2906 Enimvero
614 2852 754 2925 praegnati
764 2859 870 2924 oportet
879 2860 906 2908 et
915 2850 1019 2908 maium
1033 2860 1059 2908 et
1072 2853 1175 2909 malum
1189 2855 1257 2920 dari,

457 2941 501 3009 Ut⁷
513 2943 587 3015 quod
597 2944 719 3011 obrodat,
732 2946 776 3010 sit,
788 2943 881 2999 animo
894 2945 918 2999 si
928 2943 999 3000 male
1009 2962 1069 3000 esse
1081 2948 1241 3018 occoeperit.

810 3062 1054 3109 AMPHITRUO.

458 3142 500 3198 Tu
510 3160 555 3198 me
569 3144 627 3200 heri
638 3145 684 3201 hic
694 3144 808 3202 vidisti?

828 3263 1050 3310 ALCUMENA.

795 3364 853 3421 ego,
868 3348 992 3420 inquam,
1005 3349 1029 3402 si
1044 3347 1086 3402 vis
1095 3346 1187 3401 decies
1197 3346 1295 3403 dicere.

811 3452 1059 3512 unumunuo.

459 3546 488 3599 ln
502 3545 607 3599 somnis
622 3544 742 3602 fortasse.

826 3648 1047 3694 ALCUMENA.

745 3731 801 3788 imo
812 3731 931 3806 vigilans
943 3731 1111 3806 vigilantem.

813 3833 1058 3879 AMPHI'I'RUO.

1112 3933 1161 3971 vae
1174 3915 1257 3970 mihil
