3409 4784
610 544 1102 602 COMMENTARIUS.
1306 550 1339 604 91

369 707 454 754 praet.
467 693 538 752 conj.
550 693 584 739 ot.
598 692 841 740 commentationem
858 707 940 740 meam
951 693 982 740 de
998 707 1091 739 enune.
1102 693 1256 753 interrogat.
1270 695 1337 754 apud

369 780 487 827 Plautum
509 793 534 837 p.
554 780 579 837 8,
596 777 638 824 uhi
658 777 733 824 attuli
744 778 864 835 exempla
875 778 954 824 haec:
975 779 1032 824 Can.
1044 779 1076 838 V,
1087 779 1112 838 4,
1123 779 1164 823 28.
1201 781 1279 826 Moat.
1291 781 1336 840 111,

369 867 394 926 2,
405 868 444 911 81.
465 866 545 911 Poen.
556 865 588 922 V,
599 865 624 922 4,
636 866 677 909 54.
697 863 754 909 Mil.
765 865 809 922 lv,
822 865 847 920 2,
858 863 900 909 45.

436 967 468 1012 V.
488 967 546 1010 245.
581 964 647 1011 Pali.
668 979 707 1023 pr.
719 968 745 1011 et
755 978 816 1025 aem,
827 963 900 1025 vulg.
912 965 989 1023 atque
1000 963 1116 1012 Lindem.
1127 966 1203 1026 quod,
1214 967 1335 1024 quodra-

367 1048 443 1109 unni,
465 1062 617 1106 quamquam
636 1052 748 1097 fortasse
769 1050 845 1096 etiam
862 1050 946 1108 poaait
958 1050 1068 1096 retineri
1081 1049 1160 1097 lectio
1179 1052 1252 1098 codd.
1270 1053 1335 1101 Pali.

368 1136 499 1194 quattuor,
511 1147 576 1190 quae
589 1135 678 1181 eadem
689 1138 729 1181 ent
741 1134 863 1180 editionis
875 1134 1013 1193 principit:
1031 1135 1110 1194 qnid
1123 1136 1259 1183 taminati
1271 1136 1334 1200 fac,

368 1223 397 1267 ut
414 1218 478 1266 haee
492 1233 539 1278 per
548 1219 780 1280 interrogationem
794 1220 943 1266 efferantur.
973 1233 1027 1266 waa
1039 1219 1134 1266 beliebt
1146 1220 1204 1267 uirt
1223 1221 1285 1268 thue
1296 1234 1333 1269 ea.

434 1305 466 1350 V.
486 1305 544 1350 241.
580 1306 612 1351 V.
635 1306 674 1364 C.‚
694 1305 757 1352 Pali.
779 1318 829 1364 pn,
843 1318 905 1365 nea,
920 1307 1002 1362 quart.
1023 1306 1103 1352 m’ooa.
1120 1305 1174 1352 Pal.
1191 1306 1272 1364 quint.
1285 1308 1335 1354 eta

367 1404 445 1436 manu
456 1390 568 1436 aeeunda
577 1389 669 1436 tertius
685 1390 724 1435 Tu
733 1404 773 1436 me
782 1391 839 1435 vivo
849 1389 876 1436 d.

434 1477 466 1521 V.
485 1476 544 1521 250.
579 1475 684 1522 Retinui
713 1475 843 1535 vulgatam
867 1476 965 1534 ieram,
995 1488 1147 1532 quamquam
1171 1473 1287 1523 hindam.
1308 1479 1335 1524 et

367 1561 485 1620 Kompm.
507 1561 538 1607 de
557 1561 585 1605 in
595 1574 620 1618 p.
638 1561 679 1605 31.
695 1558 856 1618 arripuerunt
872 1561 982 1618 iveram,
995 1559 1118 1606 utveraui
1129 1563 1332 1608 succurreretur.

366 1646 464 1692 Versus
484 1646 512 1691 in
532 1645 591 1692 lect.
608 1645 679 1705 vuig.
701 1646 741 1691 eat
761 1644 879 1691 trimeter
893 1645 1026 1706 iambicon,
1041 1645 1142 1703 qualem
1154 1644 1223 1692 inter
1234 1645 1333 1694 medion

365 1730 515 1777 moohaieoa
525 1730 576 1776 iam
586 1729 717 1777 habuimus
728 1743 752 1776 r.
766 1731 825 1776 226.

433 1817 465 1861 V.
486 1817 544 1860 252.
580 1829 703 1875 anmego.
731 1817 771 1861 ito
780 1817 811 1861 V.
826 1813 974 1861 G.-Pali.
987 1828 1036 1874 pr,
1047 1827 1098 1860 aec.
1109 1828 1160 1860 uon
1172 1828 1218 1875 ego
1231 1827 1332 1875 reme,

366 1913 418 1946 om.
435 1914 498 1948 aum.
516 1901 586 1958 tert,
603 1902 696 1960 quart,
717 1902 784 1946 text.
800 1892 883 1946 κόππα
894 1912 939 1959 ego
952 1913 974 1946 t.
1010 1899 1049 1945 De
1066 1899 1137 1945 hiatu
1148 1899 1175 1945 in
1185 1899 1270 1946 uoluta
1280 1900 1332 1947 arsi

365 1998 489 2031 versuum
507 1985 674 2033 iambicorum
689 1986 715 2032 et
730 1984 922 2031 trochaicorum
936 1983 1093 2029 admittendo
1109 1983 1212 2032 dubium
1222 1985 1331 2043 ampliu·

366 2083 424 2116 eoae
440 2083 493 2116 non
510 2071 605 2130 potent,
618 2083 678 2116 nam
687 2069 763 2115 nimia
773 2069 854 2116 multa
864 2067 983 2125 exempla
992 2067 1060 2127 opud
1069 2067 1187 2114 Ploutam
1197 2071 1223 2114 et
1234 2070 1331 2116 Teren-

365 2154 431 2200 tium
452 2156 541 2201 forent
562 2154 729 2200 emendando.
750 2155 784 2200 ef.
798 2167 823 2199 r.
840 2155 899 2198 201.
917 2153 1017 2198 ν.213;
1036 2152 1096 2197 Iam
1107 2167 1152 2212 ego
1164 2152 1240 2200 leuno.
1260 2155 1293 2214 11,
1305 2156 1330 2214 1,

364 2241 412 2285 41;
431 2239 498 2284 dum.
536 2240 608 2297 capt.
628 2241 661 2299 ii,
676 2240 701 2299 2,
714 2240 757 2284 42.
793 2237 922 2295 Exempla
936 2236 1008 2282 videt
1023 2236 1134 2282 collecta
1145 2237 1329 2287 asehneidero

364 2339 472 2386 gramm.
484 2324 529 2370 lat.
541 2324 616 2371 elem.
632 2325 651 2369 Ι.
663 2339 687 2382 p.
699 2325 758 2369 156.
770 2337 818 2382 ιφ,
829 2322 987 2381 quapropter
997 2329 1051 2367 non
1061 2333 1126 2379 opua
1137 2324 1177 2368 est
1186 2335 1243 2368 eum
1253 2322 1329 2370 Wei-

365 2411 406 2457 oio
417 2412 496 2458 verba
504 2412 676 2468 transponere
687 2423 739 2454 non
749 2423 794 2470 ego
804 2421 869 2468 tom,
880 2420 945 2464 qnae
955 2404 1077 2452 facillima
1084 2419 1147 2453 naue
1157 2406 1237 2455 fuerit
1246 2407 1329 2455 medi-

364 2495 465 2556 emani
475 2495 560 2555 fugias
573 2494 678 2540 hiatum.
1181 2551 1187 2562 Ι

432 2581 464 2625 V.
483 2581 542 2626 253.
579 2580 657 2625 Teste
677 2579 788 2625 Grutero
804 2578 836 2623 ad
857 2591 882 2623 v.
898 2577 956 2621 252.
972 2575 1023 2622 leae
1036 2588 1091 2622 non
1106 2577 1145 2622 eat
1155 2575 1182 2623 in
1195 2579 1268 2624 aodd.
1279 2593 1328 2626 neo

362 2669 427 2713 vett.
439 2665 495 2712 edd.
510 2663 560 2723 (aio
574 2677 628 2709 non
637 2663 713 2710 estin
723 2664 762 2710 ed.
775 2659 880 2721 prino).
898 2661 974 2721 Vuig.
986 2659 1077 2707 Nonne
1086 2660 1138 2708 hae
1147 2669 1225 2709 noctu
1234 2670 1329 2711 nostra

362 2752 440 2798 navit
458 2749 508 2797 luae
530 2762 566 2796 ex
582 2755 664 2809 porto
685 2747 801 2794 Persico.
836 2747 1052 2793 Emendationem
1074 2748 1178 2793 aecutuo
1194 2760 1250 2793 aum
1265 2747 1328 2794 Hei.

361 2835 450 2884 neoiii
459 2835 479 2881 l.
490 2835 508 2881 Ι.
520 2849 544 2893 p.
557 2834 614 2881 613.
627 2846 676 2892 aq„
687 2832 732 2890 qui
741 2831 802 2880 dicit
810 2831 861 2879 leue
870 2845 886 2878 a
895 2832 990 2891 Pylade
1000 2831 1109 2890 primum
1119 2831 1250 2877 invectum
1260 2846 1325 2880 erae.

361 2921 403 2968 De
424 2922 501 2980 portu
520 2918 626 2965 Peraieo
640 2917 691 2963 vid.
709 2919 780 2964 Boot.
798 2916 826 2962 in
847 2916 908 2963 diso.
930 2917 960 2963 do
976 2916 1061 2963 Plauti
1070 2916 1224 2963 auctoritate
1234 2917 1266 2963 ad
1275 2919 1325 2964 tao.

361 3019 415 3054 rer.
434 3007 487 3052 ant.
503 3004 575 3050 fidem
592 3017 617 3061 p.
629 3005 654 3062 1,
671 3003 803 3048 Oaannum
819 3001 837 3047 l.
853 3000 872 3049 1.
883 3001 911 3047 in
922 3015 987 3047 mua.
997 3001 1079 3048 Rieu.
1091 3014 1116 3059 p.
1131 3003 1189 3048 366.
1201 3016 1238 3060 aq.
1250 3004 1327 3060 atque

361 3091 566 3139 Lindemannum
575 3088 615 3134 ad.
627 3087 652 3134 h.
663 3087 681 3132 l.

431 3177 463 3220 V.
482 3175 542 3220 255.
577 3172 654 3232 Vulg.
685 3171 776 3217 Nom
795 3185 840 3230 ego
859 3180 927 3216 nune
945 3168 987 3217 In‘c
1007 3176 1058 3217 tto.
1094 3170 1211 3218 Alterum
1233 3173 1326 3232 utrum,

362 3263 407 3308 ant
424 3274 492 3307 nune
511 3260 556 3305 aut
575 3257 618 3305 laic
636 3259 743 3316 propter
756 3256 867 3301 metrum
881 3253 1050 3300 omittendum
1068 3258 1115 3303 eat.
1152 3255 1227 3305 Nune
1240 3256 1327 3303 omitit

362 3346 491 3404 Lindem,
501 3343 543 3391 ln‘c
553 3356 604 3389 om.
616 3342 656 3388 ed.
669 3340 762 3400 prino,
773 3354 848 3398 quarn
861 3341 963 3387 oeoutun
974 3353 1038 3387 aum.

430 3432 462 3476 V.
482 3431 541 3476 256.
577 3428 626 3474 Ed.
638 3426 718 3485 princ.
730 3440 813 3472 nonne
823 3424 874 3472 laio.

431 3517 498 3562 Ibid.
528 3513 620 3572 vulga
639 3526 690 3557 non
700 3511 743 3559 ht'c
751 3511 826 3557 homo
836 3511 909 3557 modo
920 3525 959 3557 me
966 3525 996 3570 p.
1007 3507 1051 3558 o?
1070 3513 1164 3557 lterum
1175 3510 1326 3556 alterutrum

362 3601 526 3660 vocabulum,
548 3600 593 3646 ant
612 3597 687 3643 domo
710 3598 754 3643 aut
773 3596 846 3642 modo
871 3595 1039 3642 omittendum
1061 3598 1107 3642 eat.
1143 3593 1219 3640 Modo
1240 3592 1327 3639 omiait

362 3685 492 3745 Lindem,
506 3684 552 3731 ned
565 3683 644 3730 molui
656 3682 731 3729 homo
744 3681 872 3742 omittere,
883 3680 1004 3740 quoniam
1014 3680 1088 3726 modo
1099 3679 1275 3725 confirmatum
1287 3671 1334 3725 eat

362 3769 516 3818 auctoritate
529 3770 560 3815 V.
572 3769 601 3813 C.
613 3769 638 3814 et
647 3769 712 3814 Pali.

431 3855 463 3899 V.
482 3855 541 3900 251.
578 3852 677 3910 Soripai
692 3852 759 3898 hunc
776 3851 863 3898 locum
877 3865 909 3896 ex
923 3848 1073 3895 coniectura
1086 3847 1220 3893 admodum
1231 3849 1326 3905 proba-

363 3939 410 3987 bili
427 3937 525 3984 Bothii:
544 3952 606 3984 nam
619 3939 700 3985 etiam
715 3937 809 3984 moero
819 3937 923 3996 minere,
934 3932 1056 3992 quoniam
1066 3931 1144 3978 etiam
1155 3931 1240 3980 Guelf.
1251 3931 1327 3980 habet

401 4007 591 4066 Pinumdura.
1097 4003 1122 4058 G
