3409 4784
537 578 1031 636 COMMENTARIUS.
1206 588 1236 639 8t

268 740 378 785 quorum
408 738 559 785 quamquam
585 725 652 773 aiter
681 726 709 773 in
732 726 947 785 hephthemimeri
976 727 1077 787 positus
1096 729 1238 777 secundum

267 813 409 860 Beckerum
430 813 462 859 de
481 824 550 863 com„
564 813 637 858 Rom.
653 812 704 858 fab.
720 836 752 844 —
768 814 866 868 quaest.
881 826 905 871 p.
918 815 975 859 106.
988 800 1153 874 semipsum,
1164 815 1237 874 prior

266 901 354 945 tamen
373 911 426 944 non
450 900 490 944 est
508 896 648 958 legitimus.
684 895 819 944 Facillima
838 897 967 946 medicina
983 899 1084 945 ridetur
1101 902 1129 946 ut
1139 901 1236 948 scribas

267 985 423 1032 audiissent
431 996 479 1042 pro
489 983 641 1029 ambissent.

336 1085 365 1130 V.
385 1086 426 1130 10.
461 1084 510 1130 Ed.
521 1084 603 1143 princ.
615 1083 675 1130 Sine
685 1096 733 1143 pro
746 1084 805 1130 Seu.

335 1186 366 1230 V.
386 1186 427 1231 11.
463 1187 494 1232 V.
512 1188 539 1231 c.
559 1182 613 1232 sice
634 1187 681 1245 qut
697 1187 754 1245 ipse
774 1187 927 1246 ambissent,
946 1186 1010 1233 Pali.
1025 1189 1081 1246 ipsc
1100 1188 1234 1250 ambisset,

266 1283 325 1316 cum
334 1271 394 1316 tert.
405 1273 432 1316 et
441 1274 508 1318 sext.
519 1270 591 1331 prius
604 1269 754 1317 habuissent
764 1271 824 1317 item
835 1273 892 1330 ipsc
902 1272 1050 1328 astitissent,
1062 1285 1094 1318 ex
1105 1286 1155 1330 quo
1170 1287 1234 1321 cou-

266 1368 345 1401 sensu
366 1357 436 1413 patet
452 1368 542 1402 verum
563 1368 620 1401 esse
631 1355 797 1415 singularem.
833 1356 906 1402 Frut.
922 1358 947 1402 et
961 1357 1018 1403 Par.
1030 1357 1057 1403 iu
1068 1357 1107 1404 ed.
1119 1359 1137 1403 1.
1174 1358 1235 1406 Ss'ns

264 1441 323 1500 s‘pse
332 1441 462 1501 ambissit,
473 1440 517 1487 sed
528 1441 575 1500 qus·
582 1442 621 1486 est
631 1439 658 1486 in
666 1454 735 1486 omn.
745 1440 908 1488 membranis.
939 1441 987 1487 Ed.
999 1441 1080 1500 princ.
1093 1441 1162 1488 huuc
1172 1456 1234 1490 rer-

265 1525 437 1572 sumomittit.

335 1628 366 1674 V.
385 1629 427 1674 m.
462 1629 610 1674 nnsbs'ccrs't'.
631 1628 670 1675 De
680 1626 728 1674 hac
738 1628 822 1674 torma
832 1610 891 1674 vide
902 1626 1077 1675 Fleckeiseuii
1087 1606 1234 1678 exercitatt.

264 1712 348 1760 Plaut.
368 1726 393 1772 p.
414 1714 455 1758 38.
470 1737 505 1746 -
520 1727 543 1759 ν.
566 1715 598 1760 os
613 1739 646 1747 —
661 1715 702 1760 14.
739 1715 860 1759 Osanuus
874 1712 901 1758 iu
918 1711 986 1759 anai.
1002 1713 1058 1760 crit.
1074 1728 1097 1773 p.
1109 1717 1166 1761 111.
1178 1729 1232 1763 uon

264 1810 413 1858 germanos,
425 1798 470 1844 sed
482 1798 613 1857 posterius
624 1799 724 1845 demum
735 1798 835 1844 additos
847 1799 874 1844 et
884 1798 1080 1857 appositosesse
1091 1799 1232 1861 existimat,

263 1881 387 1940 quoniam
406 1883 567 1930 consuetudo
586 1883 727 1930 histriones
745 1882 836 1943 palmis
854 1881 963 1929 vetolio
978 1883 1088 1939 quodam
1098 1884 1175 1931 modo
1187 1898 1233 1931 or-

262 1967 343 2014 nandi
357 1968 504 2027 posteriore
515 1968 615 2016 demum
626 1971 744 2026 tempore
755 1970 815 2013 nata
825 1966 868 2027 sit,
880 1981 937 2012 cum
948 1979 998 2024 quo
1013 1969 1144 2016 consentit
1154 1970 1232 2017 etiam

262 2051 403 2100 Plauckius
414 2053 445 2099 ad
463 2053 544 2100 Ennii
562 2053 679 2100 Medeam
695 2066 719 2109 p.
735 2053 776 2097 38.
810 2051 934 2098 Reiutare
949 2051 1034 2097 studet
1049 2051 1114 2098 hanc
1126 2051 1231 2113 opinio-

263 2152 323 2185 nem
334 2137 498 2198 Ladewigius
508 2138 535 2184 in
546 2137 690 2198 prolegom.
703 2138 728 2182 et
736 2136 851 2182 adnotat.
863 2135 894 2182 ad
904 2135 989 2182 Plauti
1000 2135 1119 2183 Casinam
1128 2135 1156 2183 in
1165 2152 1232 2185 mus.

261 2223 345 2270 Rhen.
364 2222 425 2268 anni
445 2224 521 2268 1844.
541 2226 604 2269 sect.
625 2224 650 2281 2,
670 2222 769 2281 p.182‚
789 2220 876 2266 adnot.
899 2218 937 2279 1),
957 2219 1030 2266 nisus
1044 2221 1156 2277 marime
1169 2222 1230 2270 loco

262 2307 333 2354 Livii
352 2308 386 2367 X,
405 2309 447 2367 11,
466 2307 510 2355 uhi
524 2310 644 2354 narratur
660 2319 729 2351 anuo
744 2307 802 2350 294.
818 2319 841 2351 a.
858 2304 917 2351 Chr.
934 2303 969 2365 (a.
984 2319 1010 2352 u.
1025 2319 1047 2351 c.
1057 2306 1119 2363 too)
1130 2321 1231 2355 morem

262 2392 361 2453 palmas
382 2391 525 2439 victoribus
546 2391 623 2439 dandi
638 2405 652 2437 e
668 2389 776 2437 Graecia
790 2392 897 2437 Romam
910 2390 1062 2438 translatum
1076 2405 1133 2439 esse
1145 2407 1230 2453 neque

262 2478 371 2538 dubitat,
392 2491 542 2535 quamquam
557 2477 647 2525 Livius
664 2475 711 2522 iiio
726 2475 786 2523 loco
802 2476 914 2522 tortasse
930 2476 961 2522 de
977 2476 1040 2523 solis
1056 2476 1229 2537 gladiatorum

260 2563 328 2611 ludis
339 2562 469 2622 loquatur,
480 2563 542 2620 quin
555 2563 632 2611 etiam
642 2560 813 2608 histrionibus
823 2560 922 2621 palmae
933 2561 1006 2608 datae
1017 2562 1121 2609 fuerint.
1153 2563 1228 2611 nos-

260 2665 321 2696 meu
339 2648 496 2696 Bitschelius
517 2649 544 2695 in
560 2647 677 2709 parergis
695 2660 720 2705 p.
735 2647 793 2692 229.
810 2661 864 2705 sqq.
881 2661 971 2707 purum
990 2650 1092 2694 cautum
1103 2647 1154 2693 hoc
1170 2661 1228 2694 csse

260 2734 332 2794 dicit,
343 2748 408 2792 quae
421 2734 452 2780 de
461 2730 529 2779 ludis
539 2730 565 2776 in
576 2731 645 2778 circo
657 2730 796 2790 valuerint,
808 2730 926 2778 etiamad
937 2732 1055 2779 scenicos
1067 2732 1143 2779 ludos
1153 2733 1227 2780 nulio

260 2820 313 2866 alio
334 2820 489 2866 documento
508 2816 587 2863 allato
603 2817 754 2863 transferre.
791 2815 843 2862 Sed
858 2830 1010 2875 quamquam
1024 2821 1176 2878 argumento
1193 2833 1227 2867 cx

259 2906 320 2952 loco
332 2903 401 2950 Livii
411 2904 492 2963 petito
509 2903 546 2948 uti
556 2916 605 2948 nos
615 2916 694 2960 posse
703 2904 782 2962 negat
790 2901 946 2948 Bitscheiius
957 2903 988 2948 ad
999 2903 1226 2951 demonstrandum

259 2991 311 3038 iam
330 2989 415 3036 Plauti
429 2991 513 3036 aetate
527 3001 626 3034 morem
640 2985 782 3033 histriones
795 2985 908 3033 victores
919 2986 1010 3044 palmis
1021 2987 1131 3035 ornandi
1142 2989 1224 3035 exsti-

259 3074 333 3134 tisse,
344 3077 430 3120 tamen
441 3088 474 3121 ex
486 3073 567 3132 ipsius
577 3071 661 3119 Plauti
672 3069 823 3117 Trinummo
834 3071 879 3130 ΙΙΙ,
886 3072 958 3132 2,83.
969 3087 1024 3131 sqq.
1035 3079 1224 3134 argumentum,

259 3174 312 3220 quo
323 3160 373 3207 hoc
384 3162 482 3207 certum
491 3159 518 3205 tit
529 3161 554 3205 et
565 3159 640 3205 extra
651 3169 753 3202 omnem
763 3154 949 3203 dubitationem
959 3158 1074 3216 ponitur,
1084 3158 1167 3205 affert.

329 3263 360 3308 V.
379 3262 420 3308 13.
431 3275 486 3319 sqq.
521 3260 560 3306 De
581 3256 719 3304 severitate
741 3255 768 3302 in
788 3255 910 3303 ambitum
926 3256 1038 3305 adhibita
1054 3259 1083 3306 iu
1102 3273 1157 3318 rep.
1170 3260 1224 3306 Ro-

258 3360 344 3406 maua‚
364 3346 437 3393 cuius
459 3346 485 3394 h.
505 3345 523 3392 l.
532 3343 631 3392 mentio
649 3342 685 3402 ot,
705 3340 757 3387 vid.
769 3340 937 3389 Ritrchelium
951 3342 978 3389 in
993 3344 1110 3405 parergis
1123 3358 1148 3403 p.
1164 3343 1223 3389 232.

258 3426 367 3480 adnot*

327 3518 359 3565 V.
368 3431 421 3562 )18.
439 3529 477 3573 sq.
514 3514 594 3562 codd.
614 3515 681 3560 teste
695 3514 779 3560 Pareo
789 3510 966 3575 sanitaribus,
978 3512 1138 3574 favitorum,
1158 3512 1224 3558 teste

259 3604 333 3650 Grut.
337 3600 505 3665 fautoribus,
510 3598 663 3660 fautorum,
673 3602 699 3645 et
709 3598 746 3645 sic
757 3597 834 3646 etiam
844 3598 884 3645 ed.
896 3597 977 3657 princ.

328 3705 359 3751 V.
378 3707 420 3750 oo.
456 3700 519 3748 iilis.
548 3698 592 3747 Sic
601 3700 631 3744 V.
644 3702 671 3746 G.
681 3703 707 3747 et
717 3701 781 3748 Pall.
793 3699 872 3747 Solus
881 3698 974 3746 tertius
986 3700 1012 3744 ἐκ
1023 3699 1084 3749 ulis.
1160 3743 1163 3751 .

328 3807 360 3851 V.
379 3807 420 3852 81.
456 3805 490 3849 Ut
507 3815 599 3849 versus
613 3803 672 3861 stet,
687 3800 879 3859 antiquissimas
890 3800 946 3846 edd.
957 3801 1060 3846 secutus
1070 3797 1169 3845 inserui
1179 3798 1224 3844 illc

260 3892 320 3951 post
338 3889 409 3937 sns'ts‘.
427 3889 543 3936 hindem.
559 3887 617 3933 cod.
636 3887 695 3933 Sur.
709 3888 813 3933 secutus
828 3884 944 3944 scripsit:
962 3885 1022 3932 Hoc
1035 3899 1134 3945 quoque
1144 3884 1224 3930 attans

260 3977 298 4023 nn·
305 3977 332 4020 iu
344 3975 477 4021 mandatis
487 3973 559 4020 dedit
566 3979 658 4032 pater.

298 4050 392 4104 Purus.
412 4047 495 4105 Auru.
993 4043 1014 4098 F
