3409 4784
371 570 419 623 110
601 564 1092 622 COMMENTARIUS.

368 718 501 774 receptum
511 712 545 759 iri
554 709 684 775 (alioquin
694 711 771 772 enim,
781 711 805 758 ri
814 711 865 759 hoe
875 726 928 759 non
939 714 1038 775 fecero,
1047 713 1113 760 haee
1122 725 1183 771 rper
1192 713 1226 759 ad
1237 712 1336 760 irritum

370 797 465 862 cadet).
493 797 597 844 Etenim
607 811 683 854 quum
695 797 744 842 hoe
758 798 827 855 quod
841 798 901 859 feci,
912 798 938 844 h.
949 813 972 844 e.
983 799 1050 855 quod
1061 798 1232 844 Alcumenam
1244 802 1337 846 abren-

368 890 396 933 te
415 884 603 943 Amphitruone
618 882 712 942 amavi,
731 882 792 929 huic
806 879 1014 946 (Amphitruoni)
1028 883 1126 930 inrouti
1137 884 1188 929 iam
1198 884 1282 930 multa
1291 898 1337 931 ne·

369 971 441 1033 gotia
451 967 606 1025 exhibuerit,
617 968 711 1014 multor
721 967 798 1013 animi
809 969 914 1015 dolores
924 969 1109 1028 procreaverit,
1118 968 1164 1015 ille
1173 969 1216 1015 ira
1224 972 1251 1015 et
1257 969 1337 1016 mule-

368 1057 444 1103 dictis
459 1067 570 1101 uxorem
581 1067 653 1099 ruam
664 1056 816 1112 prosecutur
827 1057 874 1114 eat,
885 1054 976 1112 quihnr
985 1054 1031 1100 illa
1042 1054 1151 1114 offensa,
1162 1054 1287 1111 quoniam
1298 1068 1336 1100 me

368 1145 442 1202 putat
460 1139 673 1198 Amphitruonem
688 1152 754 1199 erae,
773 1153 815 1184 me
830 1139 890 1185 odio
909 1141 1081 1197 prosequetur
1090 1137 1168 1202 (mihi
1177 1138 1251 1185 illiur
1261 1139 1300 1205 ira
1309 1139 1335 1184 in

368 1227 435 1274 hana
455 1224 601 1284 expetent),
612 1237 764 1283 quamquam
783 1237 833 1284 ego
853 1223 929 1271 huiur
949 1224 1004 1270 irae
1023 1223 1167 1281 horumque
1181 1225 1335 1271 maledicto-

367 1328 425 1360 rum
444 1313 534 1358 inronr
549 1324 613 1369 rum,
631 1309 751 1367 quoniam
768 1322 821 1354 non
836 1322 896 1369 ego,
913 1310 958 1355 aed
973 1309 1028 1367 ipre
1039 1307 1192 1366 Amphitruo
1204 1324 1238 1356 ea
1247 1314 1334 1368 protn-

367 1399 405 1445 lit.
441 1399 523 1457 Ergo,
542 1408 694 1454 quamquam
710 1394 794 1440 hucin
812 1406 842 1440 re
860 1394 952 1442 insono
971 1397 1132 1454 rum,tamen
1145 1396 1334 1454 memetipsum

367 1484 408 1530 illi
417 1496 529 1542 purgare
539 1480 602 1526 mihi
618 1480 772 1527 atudendnm
782 1482 821 1526 ert
832 1481 859 1526 et
868 1480 1004 1526 iurandum
1013 1492 1054 1526 me
1062 1479 1134 1526 nolle
1144 1494 1177 1526 ea
1186 1494 1203 1528 a
1213 1496 1257 1528 ma
1268 1482 1333 1528 dicta

368 1583 425 1616 erre
436 1583 501 1626 quae
511 1566 628 1614 dixerim.

434 1655 465 1699 V.
484 1654 525 1697 22,
561 1649 676 1697 lmmhin.
692 1663 726 1696 ex
744 1649 895 1697 coniectura
913 1663 961 1708 pro
980 1650 1128 1697 verecunda
1148 1650 1258 1709 erripuit
1279 1654 1332 1699 lra-

366 1739 461 1798 erndu,
481 1738 549 1795 quod
570 1737 609 1782 ert
628 1735 704 1780 etiam
719 1734 747 1780 in
766 1736 823 1782 cod.
843 1735 929 1782 Guelt.
944 1737 964 1793 Ι,
974 1737 1019 1782 red
1032 1735 1162 1795 vulgatam
1178 1749 1332 1784 veramente

367 1824 461 1870 docent
483 1825 561 1870 verba
578 1821 735 1868 Alcumenae
757 1819 904 1877 requentia:
923 1819 1010 1880 potin’
1030 1823 1099 1876 cett,
1125 1834 1159 1867 ex
1180 1821 1275 1878 quihur
1292 1835 1332 1868 re-

367 1909 455 1966 quitur
484 1923 499 1954 a
517 1910 580 1954 lore
604 1920 659 1953 eam
678 1908 863 1952 contrectatam
883 1919 950 1952 erae.
972 1906 1098 1953 rhetiam
1117 1905 1234 1952 Lindem.
1255 1908 1288 1953 ad
1308 1921 1331 1953 r.

366 1996 408 2040 45.
440 1995 559 2040 Ceterum
576 1994 666 2038 noster
681 2004 773 2037 verane
787 1992 847 2037 talia
858 1994 905 2052 ert,
916 1992 1005 2049 quales
1015 1992 1177 2038 Hermannur
1189 1991 1330 2050 improbat3

366 2079 482 2137 requitur
493 2078 561 2124 enim
574 2076 702 2135 dactylum
712 2079 875 2134 anapaestus.
913 2076 1110 2123 concedendum
1122 2078 1161 2123 eat
1171 2077 1329 2138 Hermanno,

366 2166 445 2211 duror
465 2166 491 2210 et
509 2177 563 2210 non
583 2162 679 2220 optime
702 2164 825 2208 sonanter
844 2161 910 2208 talen
929 2176 1020 2208 verrur
1035 2175 1100 2218 erre,
1116 2161 1162 2208 red
1177 2165 1331 2221 anteaquam

366 2262 456 2296 omnea
475 2248 558 2294 Plauti
579 2246 728 2294 comoediae
747 2247 779 2292 ad
798 2247 954 2305 optimorum
970 2245 1088 2292 codicum
1101 2247 1222 2293 amurriru
1234 2249 1331 2295 courti-

365 2337 436 2381 tutae
456 2334 541 2393 erunt,
562 2333 677 2380 dubitare
692 2331 753 2377 licet
767 2346 828 2377 num
842 2346 973 2390 nunquam
988 2331 1093 2377 Plautus
1105 2331 1169 2377 talen
1181 2345 1274 2380 verrua
1285 2333 1331 2381 ribi

296 2442 299 2448 ·
365 2418 503 2465 indulserit
532 2422 558 2464 et
579 2417 734 2464 tutissimum
760 2417 810 2462 erit
829 2430 909 2474 urque
932 2429 963 2462 eo
986 2416 1125 2462 lectionem
1144 2417 1277 2478 vulgatam
1298 2433 1329 2466 ex

366 2508 449 2553 honae
469 2505 547 2548 notae
572 2503 703 2549 coricium
727 2505 810 2548 ortam
827 2500 950 2547 retinere.
977 2501 1063 2548 Etiam
1083 2500 1213 2548 Beckerur
1232 2503 1330 2552 dubitat

365 2589 382 2634 l.
398 2587 416 2633 l.
433 2602 456 2646 p.
468 2589 509 2632 16.
531 2586 634 2632 dicent:
655 2587 730 2632 uideo
750 2586 818 2632 enim
835 2585 990 2645 corrigenda
1011 2600 1068 2632 erre
1088 2587 1225 2644 permulta.
1262 2591 1329 2636 ller-

364 2673 452 2719 manni
471 2672 563 2732 regula
583 2671 673 2717 nititur
686 2673 835 2730 praecepto,
857 2671 926 2727 quod
944 2670 1068 2731 requitur,
1095 2684 1184 2717 versus
1205 2673 1329 2722 iambicon

364 2760 505 2805 recundum
529 2757 647 2815 dipodiar
669 2755 814 2802 trochaicae
834 2755 979 2801 metiendos
1001 2768 1073 2815 οπο,
1097 2757 1142 2802 red
1161 2756 1184 2802 ri
1203 2757 1254 2804 hoa
1276 2773 1330 2805 non

363 2843 399 2889 ita
410 2847 458 2902 ert,
478 2844 524 2889 red
533 2843 619 2900 potina
630 2856 679 2900 per
690 2841 731 2888 rui
742 2841 846 2901 generis
859 2840 976 2899 dipodiar
984 2841 1159 2898 ununquirque
1172 2855 1263 2889 reraua
1273 2858 1329 2891 me-

363 2928 465 2974 tiendus
480 2931 528 2984 eat,
544 2929 571 2972 ut
585 2927 707 2975 iambicus
719 2941 763 2984 per
774 2927 904 2985 iambicus,
917 2926 1064 2973 trochaicus
1074 2939 1119 2984 per
1130 2927 1286 2988 trochaicae,
1296 2944 1329 2977 ne

364 3026 441 3058 aura
451 3011 551 3069 quidem
563 3014 602 3059 eat
612 3026 658 3059 aur
670 3025 761 3059 verene
772 3012 845 3070 tales,
860 3012 891 3058 de
902 3012 1019 3069 quulihur
1028 3011 1167 3070 loquimur,
1177 3011 1328 3071 improban-

363 3097 389 3143 di
401 3097 461 3143 rint
475 3097 507 3143 ef.
518 3098 563 3157 ΙΙΙ,
575 3100 601 3155 4,
613 3101 637 3156 9,
650 3098 692 3146 ubi
702 3098 850 3156 tribrachyn
861 3097 976 3154 nequitur
986 3098 1148 3155 anapaertur.

430 3183 460 3227 V.
480 3183 520 3226 24.
555 3184 691 3230 arbitrere
710 3185 740 3229 V.
757 3184 785 3230 c.
808 3184 834 3229 et
844 3181 908 3228 Pall.
922 3183 1025 3240 praeter
1041 3182 1064 3226 1.
1076 3183 1101 3227 et
1112 3182 1136 3239 2,
1148 3180 1192 3228 uhi
1202 3184 1244 3228 ert
1256 3185 1328 3231 arbi·

363 3274 440 3314 trare
450 3274 478 3314 et
482 3267 636 3327 praedicar.
664 3269 733 3316 Male
743 3268 813 3329 vulg.
826 3268 966 3313 urdr'trare
977 3266 1157 3326 etpraedicer.

430 3371 460 3416 V.
480 3370 520 3413 26.
556 3367 609 3414 Pal.
621 3368 644 3414 3.
666 3370 817 3433 cumsatur.
838 3376 860 3418 6.
874 3366 994 3428 conficto.
1014 3371 1038 3413 6.
1048 3367 1206 3430 eumfatuu.

430 3456 461 3501 V.
480 3456 520 3500 26.
557 3454 610 3499 rrr'ar‘
626 3454 651 3499 εἰ
665 3455 695 3499 V.
715 3456 760 3513 C.;
794 3454 857 3501 Pall.
875 3457 900 3500 et
910 3453 980 3512 vulg.
994 3453 1020 3498 aa·
1029 3452 1157 3498 omittunt.
1171 3454 1204 3498 cl.
1214 3454 1248 3500 ad
1258 3455 1290 3515 ΙΙ,
1303 3455 1327 3515 2,

364 3540 421 3585 196.
451 3539 585 3597 Synizerir
597 3541 636 3585 ert
646 3538 726 3584 autin
736 3538 837 3587 lrabeat
848 3541 892 3584 ant
903 3539 928 3584 in
938 3538 1053 3584 atultr'or.

430 3625 461 3669 V.
480 3626 521 3671 21.
558 3640 603 3685 ego
617 3628 656 3671 ert
665 3624 691 3670 in
700 3626 731 3671 V.
746 3625 773 3669 C.
786 3628 811 3671 et
821 3638 890 3670 omn.
900 3623 963 3670 Pall.
973 3621 1050 3681 Vulg.
1061 3619 1164 3667 omittit.

430 3709 461 3754 V.
482 3710 522 3755 28.
556 3711 605 3756 Ed.
625 3710 706 3768 prino.
728 3716 758 3756 ut
771 3725 810 3754 me
817 3724 904 3769 purg„
920 3723 994 3767 quam
1006 3705 1122 3763 requitur
1135 3705 1250 3753 hindem.
1262 3706 1327 3753 llei-

362 3791 470 3838 neclriua
490 3794 506 3838 l.
522 3794 538 3839 Ι.
555 3808 580 3852 p.
593 3797 651 3840 614.
664 3797 745 3843 refert
755 3795 829 3841 codd.
840 3797 866 3841 et
877 3797 937 3841 vett.
949 3794 1005 3840 edd.
1016 3792 1111 3840 hahere
1120 3798 1159 3850 at,
1170 3804 1250 3848 quare
1260 3791 1327 3838 rcri-

363 3877 425 3933 prit:
444 3878 502 3924 med
509 3887 540 3926 ar
545 3895 622 3940 purg.

430 3963 460 4007 V.
479 3962 520 4009 30.
556 3965 731 4022 audivil'all.;
753 3966 783 4011 V.
796 3965 823 4011 C.
837 3964 946 4009 audivit.
