3409 4784
555 574 618 630 Aer.
632 572 662 628 il.
677 571 721 628 Sc.
733 574 766 637 ss,
782 575 879 627 Ηθ-
894 574 952 628 tei.
1199 575 1231 628 43

629 724 873 773 AMPHITRUO.

442 827 506 865 vera
519 809 582 866 volo
592 809 669 882 ioqui
679 817 714 873 te,
727 807 790 864 nolo
801 809 933 863 assentari
945 807 1026 862 mihi.

274 901 441 958 Audivistin'
453 911 482 957 tu
493 901 574 958 hodie
585 918 628 957 me
639 900 680 955 iiii
691 901 781 956 dicere
791 917 903 973 eaquae
914 899 959 954 iiia
970 900 1111 956 autumat?

692 1020 813 1065 suala.

275 1101 391 1169 Quaeso,
409 1102 515 1176 edepol,
531 1120 599 1158 uum
614 1111 644 1158 tu
657 1120 768 1176 quoque
777 1103 859 1156 etiam
873 1102 987 1166 insanis,
1000 1119 1085 1174 quom
1096 1103 1125 1158 id
1135 1120 1179 1158 me
1189 1104 1233 1158 iu·
1325 1133 1327 1137 ·

777 1200 906 1267 terrogas,

277 1284 332 1352 Qui
340 1286 418 1357 ipsus
428 1286 558 1358 equidem
568 1303 643 1343 nuno
652 1286 775 1358 primum
786 1285 874 1340 istanc
884 1294 974 1341 tecum
985 1286 1124 1358 conspicio
1130 1285 1232 1342 simui?

632 1403 877 1451 AMPHITRUO.

277 1485 426 1554 Quinum,
438 1485 557 1544 mulier?
575 1487 667 1543 audin'
680 1486 780 1542 ilium?

646 1605 801 1652 ALCUME
807 1606 865 1652 NA.

767 1704 818 1761 ego
828 1704 901 1753 vero,
914 1705 945 1742 ac
959 1687 1058 1743 falsum
1070 1687 1169 1742 dicere.

636 1805 881 1852 AMPHITRUO.

280 1888 376 1960 Neque
385 1896 415 1943 tu
426 1887 467 1945 iiii
479 1906 567 1962 neque
577 1889 647 1945 mihi
661 1890 720 1944 viro
729 1888 785 1960 ipsi
795 1886 904 1943 eredis?

645 2005 864 2054 ALCUMENA.

886 2104 918 2143 eo
929 2087 967 2152 iit,
981 2090 1047 2160 quia
1060 2089 1129 2144 mihi
1279 2095 1328 2150 ⁴25

281 2179 436 2235 Plurimum
449 2181 530 2237 oredo
540 2191 567 2238 et
576 2186 634 2237 scio
644 2183 696 2237 ista
706 2181 772 2237 haee
782 2179 851 2235 faeta
862 2181 976 2253 proinde
987 2189 1017 2236 ut
1027 2181 1182 2254 proloquor.

639 2281 881 2330 AnPfflTRUO.

282 2366 350 2421 Tun’
361 2382 406 2420 me
414 2366 473 2421 heri
485 2365 629 2421 advenisse
638 2365 727 2422 diois?

649 2483 868 2532 ALCUMENA.

720 2569 777 2623 tuu'
789 2576 815 2622 te
824 2566 916 2622 abisse
925 2566 1007 2622 hodie
1017 2566 1083 2621 hine
1096 2567 1199 2641 negas?

637 2685 880 2732 AMPHI'I’RUO.

282 2771 358 2844 Nego
368 2770 508 2824 enimvero
519 2778 546 2825 et
554 2786 598 2824 me
608 2769 738 2826 advenire
750 2787 824 2825 nuno
834 2768 957 2841 primum
969 2768 1011 2822 aio
1021 2766 1056 2821 ad
1067 2775 1092 2822 te
1106 2767 1229 2827 domum.

644 2887 862 2936 ALCUMENA.

238 2938 270 3024 s
283 2969 412 3033 Obsecro,
425 2971 542 3024 etiamne
555 2971 606 3027 hoe
617 2972 739 3046 negabis,
753 2979 779 3026 te
789 2986 900 3024 auream
913 2975 1032 3040 pateram
1045 2968 1114 3023 mihi
1140 2969 1150 3015 Ι
1181 2965 1199 2989 ⁴²
1220 2960 1238 3015 ‘i
1266 2968 1328 3047 [teu]

283 3062 396 3117 Dedisse
409 3062 481 3119 dono
491 3063 581 3127 hodie,
593 3081 648 3136 qua
659 3072 685 3119 te
696 3062 737 3118 iili
749 3062 880 3118 donatum
891 3077 951 3115 esse
961 3059 1088 3115 dixeras?
1283 3067 1329 3119 430

636 3180 880 3228 AMPHI'I'RUO.

284 3266 379 3337 Neque
389 3263 484 3335 edepol
495 3264 559 3319 dedi
568 3282 658 3338 neque
668 3264 737 3330 dixi,
750 3281 846 3320 verum
856 3263 893 3318 ita
907 3263 1043 3317 animatus
1054 3261 1095 3317 fui

285 3358 378 3428 ltaque
388 3373 462 3410 nunc
472 3373 545 3421 sum,
557 3364 588 3412 ut
598 3373 629 3412 ea
639 3364 665 3411 te
676 3363 766 3428 patera
776 3354 886 3410 donem.
899 3354 946 3409 sed
957 3354 1021 3426 quis
1032 3355 1103 3410 istuc
1114 3355 1164 3410 tibi

282 3447 375 3504 Dixit?

650 3564 871 3612 ALCUMENA.

379 3667 429 3724 ego
438 3649 552 3723 quidem
563 3667 597 3705 ex
607 3658 632 3705 te
645 3650 740 3706 audivi
749 3657 776 3704 et
788 3666 823 3705 ex
833 3657 880 3704 tua
889 3647 981 3719 aooepi
993 3662 1076 3700 manu

283 3745 416 3798 Poteram.

641 3845 846 3893 AMPHITRU
852 3845 883 3888 0.

399 3945 489 3994 mane,
501 3945 590 3994 mane,
602 3929 716 3986 obsecro
726 3937 765 3999 te,
787 3927 872 3985 nimis
882 3925 1011 3987 demiror,
1023 3921 1109 3986 Sosia,
