3409 4784
780 607 1143 666 AMPHITRUO.

754 762 999 810 AquTRuo.

762 850 765 857 '
946 846 1011 918 quis
1025 861 1070 898 me
1079 843 1170 898 tenet?

891 963 1050 1010 enotuit.

494 1051 550 1104 Tua
564 1046 790 1104 Bromieaneilie.
824 1053 827 1059 '

850 1182 1094 1228 AMPHITRUO.

403 1273 437 1327 25
790 1276 863 1321 totus
875 1266 966 1332 timeo,
980 1267 1016 1320 ite
1030 1283 1075 1320 me
1087 1264 1224 1337 increpuit
1237 1264 1370 1337 Iuppiter.

498 1363 554 1415 Nee
574 1378 655 1414 secus
672 1369 713 1414 est
725 1359 805 1433 quusi
819 1359 843 1412 si
854 1359 889 1412 ab
902 1357 1054 1414 Acheronte
1065 1357 1182 1412 veniam.
1198 1355 1246 1411 sed
1258 1357 1327 1429 quid
1340 1366 1369 1412 tu
1381 1355 1450 1412 ieras

498 1453 613 1527 Egresse
623 1451 672 1506 es?
723 1521 725 1524 Ι

894 1567 1055 1614 ΒΒΟΜῙΑ.

407 1650 483 1731 [tutu]
665 1653 760 1708 eadem
770 1670 820 1707 nos
830 1650 948 1707 formido
961 1651 1073 1731 timidus
1084 1660 1184 1707 terrore
1193 1650 1313 1724 impulit.

502 1748 531 1801 ln
543 1745 669 1811 aedibus,
683 1746 732 1801 ubi
743 1754 773 1800 tu
783 1745 900 1809 habitas,
913 1745 998 1799 nimia
1009 1745 1078 1799 mira
1088 1743 1157 1799 vidi.
1170 1761 1219 1798 vae
1229 1744 1307 1810 mihi,

501 1838 674 1910 Amphitruo,
689 1840 726 1893 ita
735 1838 804 1892 mihi
817 1837 927 1892 animus
937 1837 1106 1910 etiamnunc
1116 1836 1202 1892 abest.

854 1970 1098 2018 AMPHITRUO.

1211 2054 1329 2128 »gedum
1343 2055 1451 2128 expedi.

501 2151 573 2205 Sein’
587 2153 632 2205 me
644 2159 722 2205 tuum
734 2165 794 2203 esee
807 2147 905 2202 herum
916 2145 1163 2219 Amphitruonem?

898 2265 1058 2312 BROMIA.

1152 2351 1218 2405 seio.

856 2467 1100 2514 AMPHI'I'RUO.

1150 2551 1215 2608 vide
1228 2552 1308 2608 etium
1320 2555 1405 2609 nime.

899 2666 1057 2715 BROMIA.

1387 2757 1456 2811 seio.

856 2885 1100 2933 AMPHITRUO.

503 2974 574 3027 iiuee
586 2970 643 3027 soie
653 2978 753 3026 sertem
767 2978 885 3025 mentem
897 2977 985 3043 gestat
996 2983 1119 3025 meorum
1135 2969 1322 3026 familiarium.

904 3104 1062 3153 BROMIA.

505 3192 562 3245 lmo
575 3207 669 3244 omnes
683 3189 741 3243 sani
753 3195 818 3242 sunt
828 3186 959 3261 proiecto.

855 3323 1099 3370 AMPHITRUO.

962 3415 989 3464 at
998 3425 1042 3463 me
1061 3425 1130 3464 uxor
1140 3409 1267 3464 insanum
1278 3405 1352 3465 iacit.

503 3499 567 3555 Suis
581 3497 667 3554 foedis
678 3496 765 3553 iactis.

898 3634 946 3680 BR
954 3635 1059 3682 ΟΜῙΑ.

765 3727 792 3772 at
804 3736 855 3791 ego
868 3717 974 3784 faeiem,
987 3727 1017 3774 tu
1028 3719 1101 3773 idem
1113 3728 1143 3774 ut
1153 3719 1231 3774 aliter
1242 3719 1394 3792 praedices,

504 3807 678 3880 Amphitruo,
694 3811 767 3882 piam
779 3820 805 3865 et
818 3811 947 3883 pudicam
960 3828 1020 3865 esse
1031 3820 1104 3866 tuem
1118 3829 1230 3866 uxorem
1242 3813 1270 3866 ui
1285 3813 1366 3867 scias.

408 3904 442 3957 35
498 3902 536 3955 De
547 3919 577 3955 ea
591 3919 619 3955 re
628 3903 706 3975 signa
716 3911 797 3974 utque
806 3912 964 3976 argumente
975 3905 1071 3974 paucis
1083 3904 1174 3959 verbis
1185 3903 1305 3977 eloquar.

502 3991 632 4048 Omnium
645 3994 766 4065 primum
778 3991 1063 4070 Alcumena-geminos
1077 3997 1183 4071 peperit
1193 3996 1274 4052 filios.
