3409 4784
514 566 1002 629 COMMENTARIUS.
1202 577 1241 629 att

335 715 366 759 V.
386 714 409 758 2.
445 714 474 758 ln
494 727 559 761 voce
572 710 715 761 iactantis
729 713 817 761 littera
834 729 849 761 v
864 716 892 762 in
907 715 1037 774 loquendo
1052 718 1234 777 supprimente

267 800 294 844 et
313 801 403 845 ambae
417 800 522 847 vocales
537 813 583 858 per
598 799 749 858 synaeresin
765 814 816 846 unc
831 801 931 859 syllaba
945 803 1155 858 pronunciandse
1164 808 1233 851 sont.

267 896 291 930 v.
303 883 454 930 Schneider.
471 885 544 932 elem.
556 886 576 943 Ι,
587 899 611 943 p.
623 886 681 930 362.
693 885 758 943 prol.
772 900 795 932 r.
806 889 838 932 69
850 887 948 944 (Sive).
961 890 1001 932 18.
1012 887 1052 933 dd.
1065 889 1108 947 ΙΙΙ,
1120 889 1143 948 3,
1155 889 1196 934 24.

334 970 365 1014 ΙΙ.
383 969 407 1015 4.
442 971 502 1016 tuda
520 984 584 1018 eras
606 985 620 1017 e
638 972 813 1030 promptaria
833 971 906 1017 codd.
917 972 991 1030 Pell,
1002 972 1125 1033 Frisiug„
1136 976 1230 1034 Sauria,

265 1056 358 1114 hang„
373 1054 413 1100 ed.
439 1054 530 1114 princ,
560 1056 663 1101 Gruter.
685 1057 714 1101 lu
732 1057 763 1100 V.
784 1059 811 1101 C.
836 1071 851 1102 a
868 1069 945 1102 mauu
964 1058 1112 1105 recensoris
1130 1063 1191 1117 post
1206 1073 1230 1105 r.

263 1153 327 1187 crac
346 1138 459 1185 additum
479 1143 518 1185 est
537 1142 623 1200 quast.
647 1140 733 1201 ang-‚
762 1143 858 1199 Herm,
886 1124 1018 1188 liudem:
1044 1140 1109 1186 Iade
1133 1154 1230 1189 crass

260 1225 461 1284 promptuaria,
472 1225 517 1270 sed
528 1225 569 1271 rel
579 1228 686 1283 propter
695 1224 835 1273 lectionem
845 1225 916 1271 illam
923 1226 1052 1283 antiquam
1056 1227 1234 1284 promptaria

263 1309 451 1374 restituendam
464 1310 553 1368 putavi
564 1323 620 1355 cnm
634 1312 715 1356 Pareo
726 1310 752 1356 in
763 1311 802 1357 ed.
814 1313 846 1356 ll.
857 1310 918 1357 item
928 1310 1068 1369 antiquom,
1078 1312 1107 1356 ut
1120 1309 1229 1369 ridetur,

263 1394 401 1441 lectionem
416 1395 503 1454 quasi,
517 1394 639 1451 quoniam
652 1409 705 1442 nou
714 1397 801 1443 sddito
813 1396 864 1443 hnc
874 1410 930 1443 roc.
942 1408 1033 1442 versus
1042 1395 1229 1453 pessumdatur.

332 1481 363 1525 V.
382 1481 405 1524 d.
442 1478 485 1526 Sic
498 1478 566 1525 hunc
576 1491 679 1526 versum
693 1481 885 1528 constituerunt
897 1483 984 1527 Herm.
999 1494 1109 1538 eumque
1125 1483 1234 1527 secutus.

263 1565 380 1611 Lindem.
400 1564 476 1624 Vulg.
492 1565 600 1624 uestiti,
616 1569 695 1613 verbo
710 1567 803 1614 stetin
818 1567 869 1613 line
885 1580 974 1613 versus
985 1566 1080 1624 posito.
1115 1566 1229 1613 (ienitivi

263 1652 373 1697 formem
392 1649 418 1695 in
433 1650 455 1694 εἰ·
470 1650 537 1708 apud
553 1650 714 1707 antiquiores
724 1655 814 1710 poetss
825 1652 933 1698 Latinos
943 1665 1066 1709 nusquam
1077 1652 1140 1697 terri
1151 1665 1229 1710 posse

264 1736 380 1782 virorum
389 1735 525 1781 doctorum
540 1735 721 1792 disquisitione
733 1738 835 1783 tandem
845 1740 922 1784 extra
929 1750 1032 1783 omnem
1041 1737 1228 1784 dubitetionen

262 1820 376 1880 positum
386 1823 434 1866 est.
446 1820 609 1867 r.liitsclielii
619 1821 808 1882 parerg.Plaut.
819 1836 843 1880 p.
857 1824 897 1869 16.
905 1847 937 1855 -
946 1824 1007 1869 Non
1017 1835 1083 1880 opus
1093 1825 1132 1869 est
1141 1825 1227 1868 autern

262 1920 319 1953 curn
330 1906 446 1953 Lindem.
457 1905 572 1951 ultimam
584 1919 639 1952 voc.
653 1907 739 1953 dicere
750 1906 874 1964 syllabam
883 1906 1033 1964 productam
1043 1921 1100 1954 csse
1110 1921 1227 1954 censere.

292 2031 295 2036 .
318 1992 362 2036 ·V.
380 1993 405 2036 i.
440 1990 574 2037 Htsrs'ses.
603 1991 645 2037 Sic
656 1993 686 2037 V.
700 1993 727 2038 C.
738 1993 764 2038 et
773 1991 847 2051 Poll,
858 1991 909 2037 nisi
918 1991 987 2049 quod
999 1995 1135 2050 pr.ctsec.
1149 1992 1226 2038 omit-

262 2078 321 2122 tunt
329 2075 445 2123 taurim
455 2076 482 2121 et
492 2075 581 2122 calidi.

330 2162 361 2207 V.
380 2161 404 2206 ’1.
440 2162 468 2206 ln
478 2162 600 2217 quattuor
610 2161 738 2218 proximis
748 2161 865 2209 versibus
875 2164 980 2209 secutus
990 2175 1045 2208 sum
1051 2163 1225 2208 llermcunum

261 2247 294 2293 el.
313 2260 337 2304 p.
349 2248 408 2314 ³⁹³:
422 2247 449 2292 et
462 2246 664 2293 Liudeinnnnum
675 2247 854 2305 anapaesticus
864 2261 987 2293 numeros
997 2249 1147 2304 statuentes,
1159 2259 1225 2303 quo-

261 2346 318 2378 rum
337 2331 388 2378 duo
405 2330 505 2389 priores
521 2330 632 2391 dimetri,
643 2331 735 2378 tertius
745 2334 917 2392 monomctcr,
928 2335 1035 2389 quartus
1046 2331 1225 2390 paroemiccu's

261 2419 309 2464 cst.
330 2418 448 2463 Attamen
468 2415 566 2462 inritus
586 2416 636 2463 hoc
654 2417 713 2478 leci,
729 2417 850 2475 quoniam
866 2431 919 2464 non
934 2416 1012 2465 habui
1021 2430 1072 2474 quo
1083 2416 1136 2463 alio
1146 2414 1225 2461 modo

259 2501 309 2549 lios
324 2514 414 2548 versus
424 2500 618 2547 constituerem.
654 2503 754 2549 lucitus
763 2503 814 2548 teci
824 2506 972 2562 propterea,
982 2503 1050 2559 quod
1061 2501 1187 2549 nonnulla
1197 2500 1223 2546 in

260 2588 301 2633 his
320 2585 442 2632 niutands
456 2588 530 2632 eram
545 2589 636 2633 contra
649 2587 724 2633 tidem
734 2589 764 2635 V.
777 2589 819 2646 c.;
841 2600 864 2633 r.
878 2591 902 2633 8.
916 2587 983 2634 enim
995 2586 1157 2633 scribendum
1168 2587 1224 2631 eret

259 2675 351 2732 itaque
366 2685 414 2730 pro
435 2685 477 2731 eo,
494 2671 563 2728 quod
577 2675 617 2718 est
632 2672 659 2719 in
673 2674 704 2718 V.
721 2675 800 2729 G.,s'ta
812 2671 1224 2731 .(ttaqael1sbentl³al.sextuset

260 2758 358 2817 primus
368 2771 469 2804 ansano
486 2756 620 2817 secunda),
640 2761 666 2803 et
681 2772 704 2803 v.
716 2760 756 2806 1⁰.
769 2771 810 2804 vv.
820 2756 935 2817 hospitio
949 2757 1091 2815 publicitus
1101 2758 1223 2812 transpo-

259 2843 345 2892 nenda
355 2845 429 2890 erant
438 2842 466 2897 in
476 2857 505 2902 p.
516 2842 542 2888 t.
624 2880 628 2887 .
714 2866 719 2875 ·

330 2930 358 2974 V.
378 2930 418 2973 ΙΙ.
454 2931 494 2974 est
512 2927 619 2974 dimeter
634 2927 781 2975 trochaicus
797 2927 962 2975 catalecticus
978 2940 1031 2974 sec.
1046 2929 1132 2973 Herm.
1149 2925 1182 2972 cl.
1198 2937 1222 2983 p.

259 3016 318 3059 458.
329 3015 356 3059 et
371 3013 496 3073 Lindem,
511 3012 555 3069 qui
565 3016 716 3074 sequuntur,
730 3014 844 3073 Soterici,
855 3014 967 3059 attamen
977 3013 1090 3070 quinque
1101 3010 1222 3070 proximi,

260 3100 293 3145 12
303 3122 338 3132 -
347 3100 388 3157 16,
408 3111 462 3143 non
477 3097 538 3144 iusti
554 3098 669 3155 Sotadei,
685 3099 731 3144 sed
745 3111 796 3143 uno
812 3099 876 3156 pede
889 3097 1032 3157 breviores,
1043 3097 1155 3156 proximi
1167 3095 1223 3143 reri

260 3183 377 3243 Sotadei,
388 3183 439 3230 rid.
451 3184 538 3229 Herm.
551 3182 568 3228 Ι.
579 3182 596 3230 Ι.
611 3197 635 3241 p.
646 3184 705 3228 468.
716 3197 770 3240 sqq.
783 3185 809 3229 et
818 3183 933 3229 liindcm.

327 3285 358 3330 V.
377 3283 418 3331 12.
457 3284 554 3344 Coegit.
582 3284 665 3330 Sic-V.
677 3284 705 3330 C.
718 3287 744 3330 et
753 3284 807 3330 Pal.
817 3283 908 3343 quint,
921 3283 1015 3341 reliqui
1026 3283 1221 3342 quinqueeogvt,

259 3369 470 3428 quemadmodum
486 3368 646 3427 scripserunt
657 3371 751 3415 llerm.
764 3369 783 3422 i.
798 3369 814 3414 l.
826 3383 850 3427 p.
862 3371 912 3416 459
923 3373 949 3415 et
958 3369 1158 3426 Lindemannus,
1170 3378 1221 3424 quo

259 3469 313 3502 non
329 3467 395 3512 opus
409 3467 467 3499 esse
482 3457 553 3514 puto,
569 3469 645 3512 quum
659 3469 715 3501 cum
730 3455 831 3501 Weisio
843 3457 927 3515 coegit
937 3442 1033 3502 duabus
1043 3453 1148 3514 syllabis
1158 3463 1221 3510 pro-

260 3539 379 3587 nunciari
394 3539 484 3597 possit.
521 3539 646 3587 Similiter
660 3541 713 3586 diss*
726 3542 745 3599 Ι,
757 3542 781 3600 1,
802 3541 862 3587 126.
872 3541 895 3600 3,
906 3542 948 3586 48.
967 3542 1079 3588 sciebam
1090 3541 1110 3596 Ι,
1123 3538 1147 3596 l,
1163 3537 1221 3581 234.
1286 3540 1289 3545 ’

258 3636 333 3671 meuc
350 3624 415 3682 prol.
432 3624 544 3675 41.112.
560 3627 618 3671 120.
634 3627 693 3671 135.
710 3628 731 3683 Ι,
742 3628 766 3686 3,
782 3628 805 3672 8.
819 3626 871 3671 met
878 3625 944 3684 prol.
956 3627 997 3671 31.
1016 3638 1071 3671 meo
1083 3624 1116 3670 ib·
1128 3636 1151 3668 r.
1163 3621 1221 3666 126.

259 3713 318 3759 144.
337 3711 410 3757 Dcss
428 3709 461 3757 ib.
481 3723 506 3756 v.
523 3711 562 3755 63.
598 3712 716 3758 Deorum
729 3725 754 3757 v.
770 3713 812 3758 45.
835 3711 1036 3756 eov.8⁰.188.
1058 3723 1116 3754 caru
1129 3722 1151 3754 v.
1164 3707 1221 3753 113.

257 3795 360 3842 Eadm
373 3808 396 3842 r.
412 3796 453 3841 Π.
471 3795 523 3842 stet
538 3809 561 3842 r.
572 3798 630 3842 166.
665 3797 777 3844 Dubium
788 3809 845 3844 esse
856 3797 942 3853 potest
953 3796 1034 3839 utrum
1045 3807 1085 3838 soc
1093 3793 1222 3840 referatur

258 3881 291 3927 nd
301 3882 386 3941 coegit
394 3893 427 3926 an
436 3880 469 3926 ed
477 3882 607 3927 excitavit
611 3896 623 3940 ‚·
643 3884 778 3938 utrumque
789 3880 843 3928 lieri
855 3882 948 3937 potest,
959 3879 1070 3924 fortasse
1080 3878 1113 3924 sd
1124 3880 1222 3924 utrum-

259 3979 310 4024 que
325 3965 489 4013 referendum
500 3967 548 4025 est,
563 3979 622 4013 nsm
632 3981 710 4026 saepe
720 3966 811 4026 optimi
820 3964 915 4023 quique
924 3962 1066 4022 scriptores
1077 3977 1163 4012 casnm
1172 3962 1223 4011 sli-
