3409 4784
473 625 505 678 ³6
765 617 1126 676 AMPHITRUO.

474 765 561 821 Patria
572 773 599 820 et
608 764 733 837 prognati
743 771 875 828 tutantur,
887 771 1040 828 servantur,
1091 766 1137 819 (τα-
1148 763 1165 806 2'·
1176 763 1198 805 t.
1209 764 1230 806 t.
1241 766 1277 817 d)

473 859 564 914 Virtus
585 857 676 911 omnia
700 857 728 911 in
749 855 893 918 sehabet,
918 856 1010 909 omnia
1030 862 1126 909 assunt
1147 854 1227 918 bona,
1243 870 1327 926 quem
1343 869 1430 926 penes

974 956 1015 1002 est
1026 948 1122 1002 virtus.
1164 950 1192 1003 (t.
1205 950 1235 1002 t.)

827 1082 1071 1128 AMPHITRUO.

475 1174 577 1247 Edepol
588 1189 633 1227 me
643 1172 721 1227 uxori
732 1179 889 1243 exoptatum
900 1171 980 1226 eredo
990 1170 1173 1226 adventurum
1183 1169 1307 1236 domum,

475 1268 550 1334 Quae
560 1282 605 1319 me
615 1273 696 1329 amat,
708 1281 791 1336 quam
802 1272 895 1320 contra
906 1282 976 1330 amo,
991 1264 1151 1336 praesertim
1161 1281 1190 1319 re
1201 1271 1278 1337 gesta
1290 1263 1369 1328 bene,

382 1365 416 1420 25
473 1360 557 1416 Victis
567 1356 703 1422 hostibus,
715 1374 786 1428 quos
800 1374 880 1412 nemo
890 1373 971 1429 posse
981 1357 1103 1428 superari
1114 1359 1216 1421 ratu'st

477 1452 531 1506 Eos
542 1450 666 1521 auspicio
677 1465 738 1504 meo
748 1455 829 1521 atque
839 1449 955 1504 inductu
966 1449 1056 1520 primo
1068 1456 1147 1503 coetu
1157 1449 1285 1512 vicimus,

478 1545 556 1600 Certe
566 1543 641 1597 enim
652 1558 696 1596 rue
707 1540 748 1595 illi
758 1549 931 1613 expectatum
945 1548 1035 1613 optato
1046 1549 1192 1596 venturum
1203 1542 1270 1595 scio.

892 1666 909 1709 S
916 1666 938 1711 0
944 1666 960 1708 S
966 1664 1013 1710 ΙΑ.

478 1748 552 1818 Quid
564 1765 608 1804 me
621 1765 675 1803 nou
689 1764 747 1803 rere
759 1755 931 1820 expectatum
944 1749 1046 1803 amicae
1057 1757 1203 1805 venturum
1213 1745 1307 1803 meae?

842 1867 1060 1914 ALGUMENA.

479 1954 556 2009 Meus
569 1951 612 2006 vir
625 1951 671 2005 hie
684 1950 797 2023 quidem
811 1959 861 2004 est.

832 2069 1076 2115 AMPHITRUO.

858 2167 973 2222 sequere
984 2151 1034 2208 hae
1047 2161 1077 2208 tu
1091 2169 1144 2207 me.

846 2268 1067 2317 ALCUMENA.

385 2354 447 2432 [utu]
514 2374 520 2380 ·
1063 2373 1126 2410 nam
1137 2346 1432 2427 quidilierevortitur,

386 2452 418 2504 30
476 2447 529 2514 Qui
540 2445 647 2502 dudum
659 2462 803 2518 properare
811 2462 841 2501 se
851 2443 943 2500 aibat?
957 2463 990 2500 un
1004 2446 1051 2501 ille
1061 2465 1105 2502 me
1116 2456 1200 2503 tentat
1210 2447 1318 2503 sciens?

479 2539 570 2612 Atque
578 2538 602 2592 si
616 2536 645 2591 id
655 2536 711 2592 volt
721 2539 848 2610 experiri,
862 2555 945 2593 suum
956 2537 1061 2594 abitum
1072 2548 1103 2595 ut
1115 2539 1276 2606 desiderem,

480 2633 591 2687 Ecastor
604 2629 666 2684 med
679 2630 753 2685 haud
764 2631 850 2686 invita
862 2648 892 2685 se
902 2630 1016 2686 domum
1027 2632 1124 2703 recipit
1137 2649 1225 2687 suam.

895 2751 1016 2795 SOSIA.

481 2832 655 2905 Amphitruo,
668 2831 757 2887 redire
767 2832 801 2887 ad
816 2849 913 2887 navem
926 2832 1044 2888 meliu’st
1054 2851 1113 2888 nos.

836 2951 1078 2997 AMPHITRUO.

1092 3054 1147 3109 qua
1159 3036 1262 3111 gratia?

896 3120 1016 3166 SOSIA.

483 3201 553 3270 Quia
563 3201 639 3256 domi
649 3200 763 3256 daturus
774 3218 855 3257 nemo
868 3211 909 3258 est
920 3205 1068 3277 prandium
1080 3204 1298 3261 advenientibus.

835 3322 1078 3369 AMPHITRUO.

483 3403 537 3472 Qui
551 3403 601 3460 tibi
611 3405 683 3460 istuc
695 3405 808 3460 nuncin
820 3415 939 3463 mentem
950 3406 1043 3463 veuit?

898 3526 1019 3571 sosln.

882 3609 947 3680 quia
957 3610 1030 3662 enim
1044 3625 1104 3663 sero
1114 3609 1286 3667 advenimus.
1328 3615 1356 3671 (0'¹
1370 3621 1439 3674 terr.)

834 3710 1010 3754 AMPHITR
1018 3711 1077 3755 UO.

483 3789 556 3858 Qui‘?

898 3913 914 3956 8
922 3913 1018 3959 OSIA.

559 3993 624 4064 quia
636 3991 814 4047 Alcumenam
823 4002 886 4049 unte
895 3994 971 4051 aedis
981 4003 1051 4052 sture
1062 4007 1182 4054 saturum
1196 3997 1332 4074 intellego.
