3409 4784
412 579 447 632 62
705 569 1094 633 tussiendo(

413 722 519 778 Nostris
528 725 643 776 ocenum
652 724 894 792 munibussortiter.
934 721 1251 779 claromontanum.
1311 722 1317 731 ’

410 815 443 869 ld
455 814 548 870 Sosioe
556 816 662 884 sactu’st
670 830 758 882 opero,
770 819 865 884 quine
875 817 950 869 nodie
959 831 1061 884 quoque
1068 823 1315 884 proeemtemousit

412 908 522 977 Indique
532 911 707 975 praeuertier.
728 907 771 962 So.
787 911 989 970 demelocutus,
1001 916 1027 962 et
1036 925 1104 977 quoe
1113 890 1193 964 uelim
1201 916 1299 966 minus.

318 1003 352 1057 35
406 1001 543 1055 Hominem
573 1017 606 1054 nc
633 1005 834 1069 conprediumur
862 1017 971 1069 quaeso,
996 1005 1075 1069 prius
1096 1019 1182 1072 ouon
1206 1009 1369 1062 stomachum

914 1091 1065 1147 detenuit?

410 1187 451 1241 et.
472 1187 502 1240 Vt
513 1188 589 1240 tutet.
619 1186 675 1240 Am.
691 1185 722 1240 Si
735 1188 810 1240 illurn
824 1190 906 1240 datur
918 1188 994 1240 hodic
1003 1191 1154 1255 mustipiom
1163 1191 1366 1256 apprchendere,

911 1282 1119 1348 ostendomcuid
1128 1285 1165 1335 sit

409 1372 509 1426 Herum
527 1374 621 1442 saliere
639 1375 719 1426 minis
742 1379 766 1426 et
793 1373 862 1426 dolis
880 1375 1016 1426 incessere.
1056 1371 1100 1428 Se.
1120 1378 1204 1429 oudin
1222 1382 1252 1429 tu
1269 1373 1367 1429 illurn?

910 1464 950 1518 Bl.
971 1468 1059 1519 audio.

407 1557 452 1612 So.
470 1558 552 1611 Illaec
564 1559 1363 1637 meclinuneeusonerntscopetlos,compellemussisiomine'm.

407 1649 473 1705 Scin
485 1653 549 1718 quid
558 1651 699 1718 uolpodici
710 1647 795 1703 solet?
814 1649 855 1702 Bl.
872 1648 943 1714 Quid
952 1653 1073 1704 dictumue
1082 1654 1120 1704 sis
1129 1655 1224 1714 uncio,

408 1744 478 1810 Quid
492 1745 539 1797 titt
547 1746 715 1812 patiundum
731 1747 787 1812 tere
799 1743 927 1795 leoriolor.
961 1741 1004 1795 So.
1027 1743 1120 1796 Vetu‘st
1132 1745 1267 1811 udupium,
1282 1747 1365 1812 [omes

909 1842 1019 1888 elmere

407 1930 491 1984 Bilem
508 1932 639 1983 innatum
650 1931 779 1980 conciunt.
809 1926 851 1981 Bl.
872 1927 1360 1996 Verunuquidemelococempcllemns.

406 2022 511 2084 Alacrc,
522 2021 684 2089 Amphitruo.
696 2019 752 2073 Am.
764 2019 954 2087 Blepharonem
967 2023 1063 2073 audio:
1079 2023 1183 2083 minem,
1198 2023 1263 2088 quid
1273 2023 1309 2074 nd
1321 2036 1361 2072 nec

909 2116 1008 2177 ueniat,

406 2207 557 2276 Opportune
567 2213 652 2259 tumen
661 2221 689 2258 sc
698 2208 783 2274 offert,
795 2211 825 2258 ut
833 2207 930 2258 umoris
938 2209 1011 2274 [ncta
1020 2206 1175 2257 conuincam
1185 2207 1284 2271 turpio.

406 2300 476 2366 Quid
497 2301 597 2352 luced
609 2314 650 2350 me
664 2295 815 2364 Blepharo?
834 2297 875 2350 Bl.
890 2299 986 2352 oblitus
996 2305 1050 2350 tom
1063 2293 1134 2350 cito?
1153 2312 1233 2364 petum
1242 2299 1360 2351 diluculo

311 2396 345 2450 ts
400 2393 500 2450 Misisti
508 2394 545 2445 ud
554 2394 645 2444 neuim
655 2387 767 2452 Sotion,
780 2397 809 2442 ut
818 2392 894 2442 leodic
904 2398 987 2442 tecum
1000 2392 1173 2443 conuiuerem.

403 2485 460 2540 Am.
472 2483 610 2551 Nusquam
618 2486 717 2551 sactum
725 2485 847 2549 pontium.
888 2480 939 2536 Sed
949 2484 994 2536 ulti
1004 2483 1060 2535 illic
1070 2478 1212 2536 scelestus?
1231 2481 1361 2552 Binuis?

905 2575 965 2628 Am.
986 2573 1071 2629 Sosio.

402 2669 443 2723 et.
463 2666 561 2722 Eccum
572 2667 655 2720 illum.
676 2665 732 2719 Am.
743 2664 809 2719 ubi?
829 2666 870 2720 et.
880 2676 942 2721 unte
951 2669 1048 2730 oculos,
1062 2683 1115 2720 non
1124 2662 1219 2719 uides?
1237 2664 1294 2720 Am.
1307 2670 1358 2722 uin

914 2753 997 2813 'uideo
1009 2775 1076 2827 pree
1089 2762 1142 2822 ira,
1162 2761 1227 2812 adeo
1245 2775 1285 2815 me
1298 2763 1359 2813 istic

402 2853 485 2907 Hodie
493 2854 606 2905 delirum
615 2853 685 2919 [ecit.
696 2859 762 2903 nete
773 2854 928 2919 sacruficem
939 2867 1074 2920 nunquam
1086 2853 1188 2904 euodes.

402 2947 465 3002 Sine
488 2961 528 2997 me
546 2943 684 3011 Blepharo.
704 2942 745 2995 et.
765 2945 889 2997 ausculta
904 2960 1010 3012 precor.
1034 2944 1090 2997 Am.
1110 2947 1161 3006 dic,
1182 2947 1357 3007 auscultem

903 3039 1014 3105 uopulc.

306 3137 340 3190 50
396 3131 440 3186 So.
461 3128 561 3194 Quade
572 3124 621 3180 re?
639 3127 918 3194 numentistcmpori?
938 3145 1079 3197 nonocpus
1090 3132 1173 3197 quini,
1187 3130 1261 3181 unce

399 3223 540 3278 Duedmeis
550 3221 666 3272 tulissem
675 3223 800 3287 remipiis.
829 3220 871 3273 et.
885 3223 987 3275 abstine
1000 3237 1104 3290 quaeso,
1116 3236 1169 3274 nou
1180 3224 1314 3287 potuimus

399 3316 509 3371 Nostros
527 3314 655 3379 prondins
675 3315 802 3378 prandire
815 3317 923 3380 modus.
963 3313 1021 3368 Am.
1041 3317 1098 3367 siue
1112 3315 1285 3381 proletarius,
1299 3320 1363 3370 sinc·

402 3409 570 3462 Testudinem
578 3406 667 3472 suerit,
682 3405 787 3458 certu’st
797 3408 862 3458 milei
870 3408 939 3459 hunc
948 3409 1082 3460 scelestum
1090 3409 1206 3473 perdere.

398 3499 439 3555 En
449 3506 551 3560 tectum,
563 3513 595 3548 en
608 3498 716 3564 tcpulcs,
731 3514 764 3551 en
773 3500 984 3568 obductcsforcs,
1000 3515 1032 3551 en
1042 3500 1205 3567 ludificatum
1215 3500 1315 3563 lterumj

305 3597 339 3651 55
395 3592 436 3647 En
446 3592 585 3645 monem
594 3590 686 3643 scelus.
708 3589 748 3643 Bl.
762 3590 832 3656 Quid
841 3593 907 3645 moli
916 3595 978 3661 [ecit
990 3589 1057 3645 tibi?
1076 3591 1132 3644 Am.
1145 3589 1249 3659 lippos?
1261 3609 1296 3646 ecc
1307 3596 1355 3648 illo

402 3684 477 3737 Tecto
487 3684 624 3736 enclusum
633 3685 735 3752 [oriem
744 3699 784 3735 me
794 3685 1070 3738 deturbuuituedibus.
1092 3683 1135 3738 So.
1148 3682 1255 3753 spone?

395 3775 452 3830 Am.
471 3775 516 3829 Tu.
528 3779 592 3844 quid
600 3776 742 3828 minitabas
752 3783 776 3828 tc
785 3780 927 3845 sucturum,
939 3779 963 3830 si
974 3779 1039 3830 istos
1046 3779 1204 3844 pepulissem
1216 3775 1306 3846 sores?

397 3868 485 3936 Nepos
494 3865 618 3922 sceleste?
628 3867 672 3922 So.
685 3866 755 3932 Quin
765 3865 872 3935 nepem?
886 3884 919 3920 en
930 3873 1002 3923 testis
1011 3871 1142 3937 ampliter,
1150 3873 1197 3938 qui
1202 3871 1352 3925 cumuenio.

395 3961 495 4018 Missus
503 3961 601 4022 sedulo,
613 3967 643 4014 ut
652 3963 688 4013 ad
701 3967 725 4013 te
737 3966 860 4013 uocatum
870 3963 998 4015 ducerem
1022 3963 1079 4017 Am.
1089 3967 1150 4031 quis
1161 3971 1184 4016 te
1192 3965 1271 4025 misit,
