3409 4784
690 590 820 647 PnOL.
852 597 1025 650 ³0—tot.

379 731 600 804 Eantpertotam
610 748 721 789 cavum
732 737 955 807 specstantes
995 724 998 729 ¹
1188 738 1191 745 '

377 822 407 878 Si
418 823 464 878 oui
477 822 596 879 fautores
605 824 742 900 delegatos
751 827 879 894 viderint,
902 842 914 857 ·’

377 915 413 970 Ut
425 916 461 970 iis
474 917 503 971 in
514 933 595 972 cavea
605 918 709 991 pignus
722 919 866 991 oaplantur
874 915 961 994 togae.
1069 926 1073 955 ²

376 1005 394 1037 *
404 1007 469 1062 Siva
481 1010 530 1080 qui
541 1009 690 1066 ambissent
700 1010 820 1084 palmam
834 1012 1036 1080 histrionibus,

376 1098 433 1153 Seu
442 1102 574 1172 cuiquam
588 1101 695 1168 artifici,
710 1116 761 1159 seu
774 1106 948 1177 perscriptas
959 1106 1059 1173 literas,

376 1189 442 1245 Sive
452 1192 502 1262 qui
512 1193 572 1263 ipse
582 1191 721 1257 ambisset,
735 1206 784 1248 seu
792 1188 846 1266 ¹per
857 1197 1061 1254 internuntium·

376 1280 441 1336 Sive
451 1281 518 1339 adeo
528 1282 630 1338 aediles
640 1284 786 1355 perfidiose
798 1289 865 1359 quoi
875 1279 964 1354 duint,
981 1316 984 1323 ·
1032 1336 1035 1343 .

375 1374 515 1446 Sirempse
528 1374 617 1448 legem
627 1377 709 1431 iussit
719 1394 779 1432 esse
789 1380 920 1452 luppiter,
977 1408 1000 1417 ”
1063 1370 1096 1375 ”
1157 1396 1160 1405 ’
1222 1387 1226 1397 ’
1310 1380 1314 1389 “

374 1463 461 1532 Quasi
474 1468 664 1540 magistratum
675 1469 729 1524 sibi
742 1469 855 1528 alterive
867 1473 1022 1529 ambivarit.
1168 1460 1171 1467 ¹

374 1559 480 1613 Virtute
492 1559 749 1616 dixitvosuictores
759 1565 862 1628 vivere,
950 1573 954 1581 '

373 1651 435 1706 Non
445 1651 594 1707 ambitione
604 1670 694 1726 neque
707 1649 831 1726 perfidia.
842 1657 893 1728 qui
903 1656 998 1712 minus
1024 1680 1028 1695 ·

372 1742 476 1798 Eadem
487 1743 614 1799 histrioni
624 1746 660 1801 sit
673 1744 725 1812 lex,
738 1762 810 1820 quae
822 1750 934 1804 summo
941 1749 1021 1806 viro?

371 1835 477 1890 Virtute
489 1837 594 1891 ambire
603 1846 716 1909 oportet,
728 1856 781 1895 non
794 1839 966 1897 ianitoribus.

371 1927 419 1981 Sat
430 1927 511 1982 hahet
522 1926 668 1983 favitorum
678 1946 798 2002 sempor,
810 1925 860 2005 qui
874 1943 946 1988 recte
959 1933 1032 1999 lacit,

370 2019 401 2074 Si
414 2019 471 2074 illis
481 2020 550 2074 lides
559 2029 610 2085 est,
625 2021 728 2092 quibus
738 2032 780 2077 est
788 2039 819 2077 ea
830 2027 912 2079 resin
924 2040 1017 2080 manu.

370 2112 428 2166 lloo
438 2129 549 2185 quoque
563 2113 645 2167 etiam
658 2114 728 2168 mihi
737 2109 827 2169 illem
841 2108 976 2173 mandatis
989 2118 1074 2183 dedit,

369 2204 406 2259 Ut
418 2205 617 2276 conquisitores
628 2205 723 2265 fiarent
731 2206 922 2273 histrionibus,
1056 2200 1059 2206 ’

369 2294 425 2362 Qui
436 2296 490 2350 sibi
501 2296 676 2353 mandassent
686 2296 802 2372 delegati
815 2308 847 2354 ut
856 2294 1025 2371 plauderent,

368 2387 469 2455 Quive,
482 2406 538 2459 quo
548 2389 666 2460 placeret
676 2389 751 2456 alter,
768 2390 887 2457 fecisset,
902 2394 1005 2460 minus,

366 2481 438 2536 Eius
447 2490 604 2536 ornamenta
614 2490 641 2537 et
650 2483 755 2537 corium
766 2484 807 2537 uti
818 2478 1008 2541 emollissent.-

368 2574 462 2628 hlirari
472 2572 558 2627 nolim
572 2590 630 2637 vos,
643 2571 810 2645 quapropter
821 2574 945 2648 luppiter

365 2665 448 2721 Nunc
458 2664 604 2719 histriones
614 2674 698 2720 curet.
711 2682 746 2720 ne
759 2669 910 2723 miramini.

367 2758 431 2830 lpse
440 2756 511 2811 hanc
524 2759 654 2811 acturu'st
663 2758 786 2829 luppiter
795 2756 974 2814 comoediam.
1064 2794 1067 2801 ·

366 2848 442 2917 Quid
451 2849 577 2903 admirati
588 2847 672 2903 estis?
690 2851 770 2921 quasi
783 2868 962 2907 veronovum
999 2870 1002 2877 *
1098 2886 1101 2893 ·

366 2943 448 2997 Nunc
458 2939 619 3013 proferatur,
635 2943 727 2996 lovem
739 2940 827 2998 faeere
837 2944 1018 2999 histrioniam.

363 3035 455 3091 Etiam
468 3033 615 3088 histriones
625 3050 697 3087 anno
709 3033 812 3088 cumin
822 3036 966 3105 proscenio
979 3036 1026 3089 hio

364 3129 458 3183 lovem
468 3127 638 3188 invocarunt,
654 3127 741 3189 venit..
753 3124 857 3181 auxilio
867 3128 902 3180 iis
915 3125 988 3181 tuit·
1081 3144 1084 3151 ¹

363 3220 504 3274 Praeterea
518 3217 690 3288 certoprodit
699 3219 728 3272 in
740 3218 888 3290 tragoedia.
1197 3254 1211 3264 ·-
1264 3244 1267 3255 ·

364 3312 441 3367 llanc
452 3309 718 3381 fabulam,.inquam‚
732 3309 778 3363 hio
790 3309 913 3379 luppiter
925 3309 1008 3365 hodie
1020 3312 1081 3382 ipae
1094 3319 1162 3384 agat,
1201 3330 1205 3353 ¹·
1261 3310 1263 3317 '
1329 3306 1332 3315 ’
1386 3316 1389 3327 “

363 3400 670 3476 Etegounacumillo.
711 3402 1214 3466 Nunovosanimnruadvortteasm
1279 3400 1329 3443 -ῑ-’ῑ
1379 3407 1413 3459 95

364 3497 436 3551 Dum
448 3495 532 3549 huius
545 3503 739 3566 argumentum
749 3492 862 3565 eloquar
873 3493 1040 3557 comoediae.

441 3587 511 3640 llaec
522 3585 588 3640 urbs
601 3596 642 3642 est
651 3586 774 3654 Thebae3
796 3587 824 3639 in
838 3583 927 3640 illisce
941 3586 1045 3642 habitat
1056 3587 1172 3644 aedibus
1326 3606 1330 3613 ·

363 3677 538 3750 Amphitruo,
551 3680 722 3753 natushrgis
735 3678 950 3752 axhngopatre,
987 3697 991 3727 ;
1213 3674 1216 3679 ’

363 3770 485 3838 Quicum
495 3769 645 3826 Alcumena
655 3780 696 3826 ast
705 3776 791 3842 nupta
803 3768 903 3824 Electri
918 3769 982 3824 lilia.

364 3865 391 3918 ls
404 3880 479 3918 nunc
491 3861 656 3933 Amphitruo
665 3861 803 3934 praeleotu
813 3864 846 3916 'at
859 3860 1024 3934 legionibus,
1037 3898 1039 3903 -
1056 3902 1059 3909 .

365 3957 434 4010 Nam
445 3973 510 4010 cum
521 3954 645 4009 Telebois
658 3953 762 4008 bellum
776 3962 818 4009 est
826 3953 957 4010 Thebano
968 3954 1060 4026 poplo.
