3409 4784
506 575 540 628 50
800 570 1162 627 AMPlllTllUO.

509 717 595 770 Deum
606 723 719 779 metum,
732 722 877 787 parentum
891 731 1012 770 umorem
1022 721 1049 770 et
1059 723 1206 788 cognatum
1216 717 1405 786 concordiam

510 809 572 863 Tibi
583 809 716 881 morigera
727 816 809 880 atque
821 815 852 861 ut
865 805 996 862 munifica
1010 807 1063 862 sim
1074 807 1164 874 bonis,
1176 809 1280 881 prosim
1292 811 1397 882 probis.

928 925 1077 972 souln.·

511 1012 550 1065 Ne
561 1011 612 1065 ista
621 1009 727 1081 edepol,
740 1009 765 1065 si
776 1010 843 1065 haec
853 1025 917 1064 vera
929 1008 1059 1081 loquitur,
1072 1013 1241 1066 examussim
1252 1019 1293 1066 est
1302 1019 1426 1085 optuma.

864 1111 1114 1157 AMPHITRUO.

417 1199 469 1255 att
510 1194 645 1251 Delinitus
659 1212 721 1250 sum
732 1192 853 1267 prolecto
863 1194 900 1249 ita
913 1202 945 1249 ut
957 1211 1002 1249 me
1012 1195 1062 1268 qui
1072 1196 1126 1250 sim
1139 1197 1270 1252 nesciam.

930 1296 1051 1342 SOSIA.

511 1380 677 1452 Amphitruo
690 1396 720 1435 es
729 1378 859 1452 prolecto,
875 1396 942 1436 cave
951 1380 990 1435 sis
1000 1397 1035 1435 na
1047 1388 1077 1437 tu
1088 1390 1114 1436 te
1124 1398 1178 1436 usu
1188 1380 1316 1455 perditis,

512 1475 550 1528 lta
571 1490 645 1528 nunc
663 1473 789 1528 homines
799 1474 990 1538 immutantur,
1006 1480 1150 1545 postquam
1164 1490 1277 1548 peregre
1290 1473 1466 1531 advenimus.

864 1574 1110 1620 AMPHITRUO.

513 1656 620 1722 Mulier,
633 1658 721 1713 istanc
732 1675 789 1713 rem
800 1658 963 1731 inquisitam
979 1666 1085 1713 certum
1095 1666 1136 1714 est
1149 1676 1203 1716 uon
1213 1658 1346 1715 amittere.

881 1760 1102 1807 ALCUMENA.

514 1839 618 1915 Edepol
629 1859 674 1898 me
684 1842 785 1899 libente
796 1842 890 1898 iacies.

867 1944 1113 1991 AMPHITRUO.

419 2027 481 2107 [850]
901 2027 969 2103 quid
983 2027 1042 2083 ais?
1061 2027 1195 2102 responde
1204 2028 1284 2084 mihi.

420 2127 471 2182 220
509 2121 583 2190 Quid
594 2121 618 2176 si
629 2119 736 2175 adduco
745 2128 826 2176 tuum
838 2121 986 2196 cognatum
1000 2121 1055 2177 huc
1066 2138 1080 2176 a
1090 2122 1153 2176 navi
1163 2121 1336 2188 Naucratem,
1398 2120 1403 2127 '

513 2213 567 2282 Qui
581 2230 690 2268 mecum
702 2230 755 2267 una
769 2217 898 2269 vectus’st
908 2231 962 2291 una
972 2215 1044 2280 navi,
1057 2222 1138 2287 atque
1148 2215 1172 2268 is
1182 2213 1207 2269 si
1217 2212 1332 2288 denegat

514 2309 595 2362 Facta
605 2323 676 2378 quae
685 2313 715 2360 tu
730 2304 799 2361 lacta
810 2304 890 2373 dicis,
903 2305 971 2380 quid
981 2307 1031 2363 tibi
1045 2324 1165 2380 aequum
1175 2313 1216 2361 est
1226 2305 1304 2362 fieri?

515 2397 649 2471 Nunquid
661 2415 771 2453 causam
788 2398 868 2466 dicis,
884 2401 954 2473 quin
965 2408 990 2455 te
1001 2400 1053 2456 hoc
1065 2398 1180 2454 multem
1195 2399 1392 2456 matrimonio?

878 2500 1098 2548 ALCUMENA.

514 2583 544 2639 si
555 2581 669 2656 deliqui,
680 2580 756 2637 nulla
766 2599 847 2639 cause
859 2591 908 2639 est.

868 2685 1112 2732 AMPHITRUO.

911 2769 1047 2825 convenit.
1060 2778 1099 2836 tu,
1112 2768 1198 2835 Sosia,

421 2861 472 2917 225
514 2859 571 2914 Duc
584 2858 635 2915 hos
645 2861 725 2917 intro.
738 2879 788 2936 ego
799 2862 855 2917 huc
864 2863 899 2917 ab
910 2863 974 2917 navi
985 2880 1094 2917 mecum
1104 2862 1240 2918 abducam
1251 2862 1428 2919 Naucratem.

932 2965 949 3009 S
957 2965 1054 3010 OSIA.

514 3045 594 3099 Nunc
603 3045 716 3117 quidem
728 3055 833 3118 praeter
842 3065 892 3103 nos
905 3065 986 3103 nemo
996 3057 1051 3117 est,
1072 3047 1118 3103 dic
1131 3049 1200 3103 mihi
1212 3065 1309 3103 verum
1319 3049 1402 3117 serio,

514 3137 619 3210 Ecquis
632 3137 703 3194 alius
715 3137 792 3194 Sosia
805 3140 908 3206 intu’st,
924 3141 974 3214 qui
985 3141 1039 3195 mei
1050 3140 1151 3196 similis
1161 3139 1231 3198 siet?

880 3240 1100 3288 ALCUMENA.

515 3319 595 3377 Abin'
606 3322 672 3379 hinc
685 3341 754 3379 ame
764 3322 866 3398 dignus
876 3323 987 3380 domino
997 3325 1113 3381 servus?

930 3428 1050 3473 sosIA.

1118 3511 1194 3576 abeo,
1206 3510 1230 3565 si
1240 3510 1329 3566 iubes.

881 3612 1100 3658 ALCUMENA.

421 3686 483 3764 [tto]
512 3691 601 3745 Nimis
612 3701 716 3747 ecastor
726 3691 833 3748 lacinus
844 3695 947 3750 mirum
961 3705 1010 3762 est,
1023 3697 1071 3769 qui
1083 3695 1124 3750 illi
1138 3694 1300 3750 conlibitum
1315 3696 1369 3752 siet

419 3785 470 3840 230
514 3783 573 3837 Meo
583 3783 651 3847 viro,
665 3785 705 3839 sic
716 3786 929 3842 meinsimulare
941 3788 1039 3844 falsum
1055 3788 1161 3844 lacinus
1172 3796 1226 3843 tarn
1239 3785 1354 3843 malurn.

513 3873 652 3948 Quicquid
659 3885 714 3945 est,
727 3878 782 3932 iarn
793 3895 828 3934 cx
837 3880 970 3937 Naucrate
980 3890 1093 3956 cognato
1105 3881 1135 3936 id
1145 3896 1307 3956 cognoscem
1318 3896 1392 3940 meo.
