3409 4784
680 571 743 628 bor.
761 573 790 629 V.
806 573 851 629 Se.
862 574 884 639 1,
899 577 1033 633 24—50.

729 726 975 775 AMPHITRUO.

374 808 436 864 Ain'
450 817 480 864 tu
490 807 635 882 geminos?

771 942 931 990 BROMIA.

742 1027 878 1100 geminos.

727 1144 973 1193 AnPfflTRUO.

893 1230 978 1286 dimo
991 1239 1110 1285 servant.

768 1348 817 1392 BR
823 1348 927 1396 omn.

1050 1432 1111 1488 sine
1124 1450 1168 1488 me
1180 1434 1281 1500 dicere,
1343 1435 1420 1513 [roso]

370 1523 406 1578 Ut
415 1523 486 1577 scias
496 1521 545 1579 tibi
557 1530 673 1594 tuaeque
683 1522 762 1577 uxori
776 1521 842 1578 deos
857 1540 917 1579 esse
926 1541 1023 1580 omnes
1036 1526 1177 1598 propitios.

726 1641 971 1689 AMPHITRUO.

368 1727 502 1798 Loquere.

767 1862 926 1910 BROMIA.

601 1953 747 2018 postquam
758 1949 893 2019 parturire
904 1946 986 2003 bodie
999 1964 1069 2003 uxor
1077 1949 1200 2023 occoepit
1209 1957 1264 2014 tua,

366 2037 408 2093 lbi
420 2045 497 2093 utero
509 2038 596 2095 exorti
606 2037 723 2105 dolores,
735 2049 766 2095 ut
775 2039 863 2095 solent
872 2055 1037 2113 puerperae;
1385 2042 1418 2095 to

367 2133 479 2186 Invocat
488 2129 553 2187 deos
564 2130 737 2196 immortalis,
750 2140 781 2187 ut
790 2133 844 2210 sibi
856 2131 993 2189 auxilium
1004 2129 1099 2196 ferant,

365 2223 494 2279 Manibus
503 2224 592 2296 puris,
604 2223 692 2295 eapite
705 2231 807 2296 operto.
817 2225 857 2281 ibi
868 2225 997 2281 eontinuo
1010 2231 1135 2279 eontonat

365 2316 461 2373 Sonitu
475 2333 614 2381 maxumo,
627 2314 703 2384 aedis
713 2316 803 2388 primo
812 2335 891 2376 ruere
901 2316 1030 2374 rebamur
1040 2325 1109 2382 tuae,

365 2410 455 2466 Aedes
467 2418 536 2466 totae
546 2407 740 2483 oonsulgebant
750 2417 820 2478 tuae,
833 2412 913 2485 quasi
923 2417 1014 2468 essent
1023 2426 1129 2466 aureae.

717 2525 962 2574 AMPHITRUO.

363 2611 472 2679 Quaeso
482 2608 616 2668 absolvito
624 2610 691 2666 hino
704 2629 747 2668 me
760 2610 906 2684 extemplo,
918 2611 1030 2684 quando
1042 2610 1108 2665 satis
1117 2609 1261 2669 deluseris.
1381 2613 1414 2666 45

364 2703 439 2772 Quid
450 2703 479 2760 fit
492 2701 610 2759 deinde?

761 2823 921 2869 BROMIA.

598 2906 666 2961 dum
680 2906 746 2961 baec
757 2915 886 2982 aguntur,
898 2907 1000 2962 interea
1012 2923 1125 2961 uxorem
1136 2914 1212 2961 tuem

363 3000 459 3071 Neque
476 3006 631 3072 gementem
652 3017 742 3071 neque
765 3000 917 3072 plorantem
936 3007 1060 3054 nostrum
1075 2999 1224 3072 quisquam
1239 2997 1318 3054 audi-

865 3092 969 3156 vimus,
1335 3087 1410 3166 [troo]

362 3187 401 3240 lta
412 3181 533 3256 profecto
543 3185 602 3240 sine
612 3183 704 3240 dolore
717 3184 832 3257 peperit.

720 3301 963 3349 AMPHITRUO.

832 3385 887 3439 iam
899 3385 971 3439 istuc
979 3384 1095 3459 gaudeo,

361 3479 395 3534 Ut
406 3487 507 3552 uterga
519 3494 563 3531 me
573 3477 667 3532 meriia
681 3484 730 3532 est.

756 3597 915 3644 BROMIA.

730 3688 807 3743 mitte
825 3685 928 3742 isthaec
946 3693 1028 3758 atqua
1046 3684 1114 3739 haee
1133 3700 1204 3756 quae
1224 3683 1314 3738 dieam

861 3780 963 3851 accipe,
1004 3783 1069 3835 (teo.
1080 3779 1165 3832 ianae.)

362 3872 508 3943 Postquam
518 3871 624 3944 peperit
633 3886 741 3943 pueros,
755 3869 844 3926 lavare
853 3872 936 3927 iussit
949 3890 1007 3928 nos.
1019 3871 1202 3943 oocoepimus.
1246 3874 1312 3926 (retr.

856 3963 941 4020 emb.)
1376 3963 1410 4016 bt)
