3409 4784
578 603 640 661 dor.
653 605 699 660 lll.
718 603 819 669 Satn,
836 606 867 658 ll
880 607 971 662 -25.
996 603 1040 660 So.
1053 606 1098 661 lV.
1286 610 1321 662 57

362 747 473 804 rimanti
488 749 684 822 subparasitor,
697 748 798 813 hortor,
811 757 878 813 asto,
892 747 1033 814 admoneo,
1046 749 1161 823 gaudeo.
1383 757 1414 809 40

361 841 391 896 Si
402 841 472 914 quid
482 843 552 915 patri
564 841 708 914 volupe'st,
721 839 847 912 voluptas
859 857 888 894 ea
899 841 969 896 mibi
980 842 1066 897 multo
1077 846 1248 898 maxuma'st.

348 996 350 1001 ¹
363 931 454 999 Amat,
467 936 548 1006 sapit,
562 941 633 990 recte
644 932 717 998 iacit,
730 933 822 988 auimo
831 920 944 1006 quando
953 934 1115 1006 obsequitur
1128 952 1193 990 suo:

363 1025 444 1101 Quod
456 1036 552 1082 omnes
562 1026 687 1082 homines
702 1024 790 1082 lacere
800 1034 913 1098 oportet,
926 1027 994 1082 dum
1005 1026 1035 1081 id
1045 1027 1126 1082 modo
1139 1028 1185 1083 fiat
1199 1028 1277 1083 bono.

355 1113 444 1173 'Nunc
455 1119 683 1192 Amphitruonem
695 1118 751 1175 volt
760 1118 854 1173 deludi
865 1137 944 1174 meus
954 1128 1038 1191 pater,
1051 1119 1112 1175 laxo
1122 1103 1216 1192 probe.

364 1211 421 1266 lam
432 1211 479 1266 hic
489 1211 642 1278 deludetur,
655 1220 829 1285 spectatores,
842 1212 922 1267 vobis
935 1212 1149 1284 aspectantibus.
1383 1218 1415 1271 45

364 1303 477 1375 Capiam
489 1322 617 1367 comnam
626 1305 665 1359 mi
675 1304 704 1359 in
715 1313 806 1376 caput,
819 1304 988 1360 assimulabo
998 1322 1043 1359 me
1053 1322 1113 1360 esse
1123 1306 1231 1360 ebrium
1338 1304 1413 1383 [totu]

364 1395 455 1468 Atque
463 1395 532 1452 illuc
542 1415 654 1452 sursum
665 1398 820 1463 ascendero,
828 1397 893 1452 inde
903 1405 1015 1469 optume
1025 1398 1065 1451 sio
1075 1397 1205 1470 aspellam
1213 1400 1317 1455 virum:

364 1490 403 1543 Do
413 1495 523 1561 su‘pero,
535 1506 624 1562 quum
634 1489 690 1545 huo
699 1490 852 1553 accesserit,
865 1488 962 1546 faciam
973 1498 1004 1545 ut
1013 1491 1050 1544 sit
1060 1490 1188 1545 madidus
1198 1493 1317 1548 sobrius.

363 1581 468 1641 Deinde
478 1581 519 1637 illi
530 1590 653 1637 actutum
664 1581 774 1638 sufferet
786 1599 856 1638 suus
868 1600 962 1638 servos
975 1600 1076 1655 poenas
1086 1583 1172 1648 Sosia,

364 1674 438 1728 Eum
449 1673 547 1730 fecisse
558 1674 605 1729 ille
614 1675 696 1730 hodio
705 1684 800 1749 arguet
809 1692 881 1747 quaa
894 1693 944 1749 ego
954 1673 1042 1730 fecero
1053 1676 1106 1731 bio.
1119 1677 1187 1750 quid
1198 1677 1228 1732 id
1238 1676 1316 1732 mea‘l
1381 1681 1414 1736 20

365 1766 426 1822 llleo
445 1784 490 1822 mc
504 1785 623 1841 aequum
639 1775 681 1823 est
695 1769 862 1843 morigerum
879 1785 939 1822 esse
952 1769 1031 1840 patri,
1041 1771 1105 1824 ‘eius
1115 1770 1207 1825 studio
1217 1772 1320 1825 servire

853 1860 976 1916 addecet.

365 1949 766 2024 Sadoccumdmpbitruonem,
774 1951 898 2008 advenit:
911 1951 1318 2027 iamillabiodeludeturprobe,

365 2042 509 2116 Siquidem
521 2063 570 2101 vos
580 2044 661 2100 voltis
670 2043 850 2100 auscultando
860 2062 970 2117 operam
981 2044 1054 2100 dare.

367 2136 416 2191 lbo
425 2138 505 2203 intro,
518 2146 643 2193 omatum
655 2139 771 2210 capiam,
782 2138 832 2210 qui
844 2138 937 2209 potins
949 2137 1035 2192 decet.

365 2229 433 2284 Dein
443 2248 542 2286 susum
553 2230 699 2286 ascendam
710 2231 738 2285 in
748 2238 862 2296 tectum,
873 2239 904 2286 ut
914 2230 994 2286 illum
1005 2230 1071 2284 binc
1079 2229 1251 2309 prohibeam.
1381 2237 1415 2294 25

739 2421 940 2432 --—-——

720 2618 965 2668 AMPHITRUO.

366 2702 529 2758 Naucratem
540 2720 624 2776 quem
635 2707 781 2761 convenire
791 2704 876 2771 volui,
890 2706 918 2759 in
929 2704 994 2759 navi
1004 2720 1058 2758 non
1070 2711 1134 2759 erat.
1339 2704 1414 2783 [toto]

316 2837 319 2842 .
367 2795 542 2868 Nequedomi
552 2814 642 2870 neque
651 2798 680 2852 in
691 2798 760 2854 urba
768 2799 880 2854 invenio
890 2813 1059 2870 quemquam
1065 2796 1114 2869 qui
1120 2794 1199 2852 illum
1210 2797 1318 2855 viderit.

367 2888 438 2943 Nam
451 2890 542 2943 omnis
552 2889 655 2961 plateas
665 2890 829 2963 perreptavi,
840 2891 985 2964 gymnasia
998 2897 1025 2944 et
1034 2889 1196 2964 myropolia,

368 2980 450 3054 Apud
460 2982 624 3054 emporium,
638 2984 667 3038 in
678 2982 800 3048 macello,
813 2983 842 3037 in
853 2982 985 3054 palaestra
996 2989 1078 3054 atque
1088 2983 1117 3037 in
1127 2981 1195 3048 foro,

368 3077 398 3130 ln
410 3074 565 3140 medicinis,
577 3077 607 3130 in
620 3077 772 3140 tonstrinis,
785 3075 860 3148 apud
869 3076 960 3130 omnis
970 3074 1046 3130 aedis
1057 3092 1156 3129 sacras.

367 3167 435 3224 Sum
446 3167 572 3224 defessus
582 3167 769 3242 quaeritando,
782 3185 920 3240 nusquam
931 3167 1043 3223 invenio
1052 3168 1223 3223 Naucratem.

368 3263 449 3317 Nunc
459 3261 573 3316 domum
584 3261 630 3316 ibo
640 3269 722 3333 atque
732 3277 767 3315 ex
777 3276 863 3314 uxore
871 3259 942 3314 hanc
955 3276 1013 3313 rem
1026 3277 1138 3333 pergam
1148 3261 1293 3333 exquirere

368 3353 437 3422 Quis
451 3351 533 3409 fuerit
545 3370 629 3426 quem
640 3362 750 3426 propter
763 3369 864 3425 corpus
874 3368 957 3406 suum
971 3351 1061 3425 stupri
1071 3353 1258 3425 compleverit.

367 3448 437 3502 Nam
449 3463 501 3512 mo,
514 3463 596 3519 quam
608 3445 683 3501 illam
698 3447 887 3519 quaestionem
897 3445 1059 3518 inquisitam
1072 3443 1154 3500 hodie
1164 3447 1296 3511 amittere,

368 3541 506 3596 Mortuum
517 3540 646 3594 satius’st.
661 3538 710 3593 sod
720 3538 796 3594 aedis
806 3537 990 3595 occluserunt.
1006 3538 1139 3613 eugepae!
1246 3534 1248 3541 ’
1385 3543 1416 3595 40

367 3632 471 3687 Pariter
481 3631 533 3687 hoo
543 3630 574 3686 fit
583 3640 665 3704 atque
674 3640 705 3687 ut
716 3631 768 3687 alia
781 3631 848 3687 facta
860 3640 939 3701 sunt;
962 3629 1057 3686 feriam
1069 3630 1146 3686 foris.
1339 3625 1415 3705 [1⁰20]

368 3725 478 3798 Aperite
488 3725 549 3780 boc.
562 3724 641 3790 heus,
654 3724 876 3798 acquis'hicest‘?
895 3725 991 3798 ecquis
1002 3723 1053 3778 hoc
1062 3722 1149 3795 aperit
1161 3718 1283 3775 ostium?

748 3901 942 3911 ——————-

746 3911 942 3923 -t—-un—u—
