3409 4784
366 564 415 618 ΗΞ
597 557 1088 615 COMMENTARIUS.

433 707 463 752 V.
481 707 523 752 16.
554 707 632 752 Teste
648 707 720 751 Grut.
735 706 766 750 V.
778 706 819 753 C.:
840 720 866 766 q.
875 713 968 765 potest
975 714 1082 766 parata
1088 706 1174 769 facta
1183 706 1247 767 sint,
1260 720 1333 753 crasa

365 794 456 852 postea
464 792 514 837 litt.
525 797 543 836 t.
556 791 619 837 Pail.
630 795 656 838 et
667 793 706 838 cd.
717 791 799 849 princ.
806 798 893 852 potes,
905 792 993 839 cadem
1002 792 1081 838 editio
1093 791 1272 854 etiamfacta.

431 879 462 923 V.
482 878 523 922 ΙΙ.
557 878 587 921 V.
608 880 635 923 c.
655 879 734 935 venia,
751 875 814 922 Pan.
831 877 896 922 ocni.
925 877 989 923 Post
1005 877 1073 923 huuc
1089 890 1194 923 versum
1209 877 1332 923 eduma.

365 963 471 1011 etBrix.
492 961 611 1008 inserunt
630 974 645 1006 e
667 960 755 1007 Nonio
776 974 800 1019 p.
811 962 870 1006 1⁰5.
894 974 996 1008 versum
1017 961 1097 1007 huuc:
1119 961 1231 1020 Quando
1251 964 1333 1009 istaec

363 1051 452 1095 omnia
461 1046 598 1094 saturasti
606 1051 631 1091 tc
640 1044 705 1090 ma'lss'
712 1045 775 1092 dixe
781 1060 834 1105 per
843 1047 936 1108 iocum,
949 1046 994 1104 qui
1003 1048 1089 1093 tamen
1099 1048 1172 1094 abest
1182 1060 1199 1092 a
1211 1047 1276 1093 Pali.

431 1135 462 1179 V.
480 1134 522 1177 18.
557 1131 608 1176 Pro
627 1131 739 1189 proinde
753 1131 809 1177 siue
826 1131 921 1179 idonea
936 1145 1013 1177 causo
1024 1131 1219 1178 Lindemannus
1231 1133 1333 1192 scripsit

359 1219 488 1280 parinum
520 1229 579 1263 nam
598 1215 666 1272 quod
686 1215 823 1262 discrimen
838 1216 909 1276 facit,
926 1218 953 1262 ut
965 1216 1078 1275 proinde
1093 1215 1224 1276 significet
1236 1233 1290 1277 pro
1301 1232 1332 1265 aa

363 1307 478 1363 ratione,
493 1317 546 1362 pro
566 1315 596 1347 eo
618 1301 730 1358 modulo,
739 1301 850 1359 pen'ude
861 1304 946 1348 autem
959 1301 1006 1348 sit:
1032 1303 1158 1360 planceo
1169 1303 1247 1348 modo
1261 1310 1299 1362 ut,
1310 1302 1331 1348 si

363 1404 454 1437 verum
466 1387 543 1446 essct,
559 1385 611 1432 tale
622 1388 670 1446 est,
681 1387 711 1431 ut
721 1385 809 1431 multis
819 1385 885 1432 locis
897 1385 946 1449 (sic
955 1386 1059 1446 nostro)
1069 1401 1124 1433 nou
1135 1388 1246 1434 multum
1259 1388 1331 1434 uiue-

363 1476 404 1521 rat
417 1478 503 1519 utrum
521 1470 655 1518 scribatur.
691 1470 784 1518 Verius
794 1474 880 1518 tamen
890 1474 930 1518 cst
939 1473 965 1518 id
976 1472 1123 1531 discrimen,
1134 1474 1205 1530 quod
1216 1473 1330 1519 Hamiius

363 1558 391 1605 in
401 1556 551 1604 Tursailiuo
562 1555 657 1615 posuit,
664 1556 776 1615 permuta
788 1557 864 1615 piane
877 1557 945 1603 idam
953 1571 1010 1604 csse
1021 1571 1050 1604 ac
1057 1557 1180 1616 proinde,
1191 1559 1240 1604 sad
1250 1557 1330 1618 signi-

363 1642 483 1689 ficatione
501 1639 622 1700 graviore
641 1641 714 1698 quasi
733 1642 759 1688 ct
773 1645 856 1687 aucta.
873 1643 906 1688 cf.
919 1642 986 1701 prol.
1003 1656 1027 1688 v.
1039 1645 1084 1689 6³:
1101 1644 1218 1702 proinde
1229 1643 1330 1691 utuixi.

363 1730 383 1788 Ι,
403 1728 428 1788 3,
447 1728 480 1771 19
491 1727 530 1772 est
536 1727 648 1784 proinde
658 1733 688 1772 at
698 1740 850 1786 praegresso
861 1729 908 1786 sic,
919 1728 951 1773 ad
962 1741 986 1785 q.
997 1727 1015 1773 l.
1026 1728 1076 1774 vid.
1089 1728 1206 1776 Lindcm.
1218 1730 1254 1788 11,
1267 1731 1292 1789 1,
1303 1731 1329 1774 8:

363 1813 476 1860 Proinde
495 1819 526 1857 at
542 1811 736 1857 commodumst.
755 1825 780 1857 v.
801 1813 846 1858 31:
874 1813 986 1871 pros'mie
1004 1828 1038 1859 ac
1057 1813 1166 1860 meritus
1185 1826 1223 1861 cs.
1243 1815 1269 1874 2,
1286 1814 1328 1859 5³:

360 1899 473 1960 proinde
482 1922 516 1930 -
531 1897 615 1956 quasi.
630 1896 675 1956 ΙΙΙ,
686 1897 711 1956 3,
724 1898 752 1943 5;
775 1896 889 1944 Proinde
898 1897 955 1944 heri
965 1904 996 1944 ut
1006 1896 1067 1945 sint.
1080 1912 1104 1947 v.
1114 1900 1161 1944 27:
1172 1900 1288 1958 prusiada
1298 1924 1328 1933 -

361 1993 393 2033 ut
402 1984 470 2033 velie
479 1997 520 2029 mc
530 1980 664 2041 intelligis.

430 2070 461 2115 V.
480 2067 521 2113 21.
555 2059 605 2111 huc
609 2066 662 2126 fac
674 2067 705 2110 V.
717 2067 754 2125 G.‚
765 2066 839 2126 Pau„
850 2066 889 2113 cd.
901 2065 1109 2127 princ-Vulg.
1114 2067 1169 2130 fac
1177 2066 1237 2115 leuc.
1268 2068 1330 2116 Siue

363 2167 440 2200 causa
459 2152 574 2198 Lindem.
600 2149 705 2196 intrusit
723 2152 777 2196 iam
797 2153 857 2209 post
875 2151 969 2197 divine.
1009 2152 1058 2198 Est
1076 2151 1144 2198 cuim
1161 2157 1222 2211 post
1244 2155 1329 2200 divisa

362 2240 448 2286 histos
458 2237 588 2297 legitimus
598 2235 626 2280 in
635 2235 685 2281 fine
696 2235 795 2293 primae
806 2235 926 2293 dipodiae
946 2235 1093 2283 trochaicae
1110 2238 1207 2284 senarii
1218 2238 1329 2286 iambici.

430 2324 461 2368 V.
480 2323 521 2366 22.
557 2321 665 2367 tametsi
683 2321 713 2365 V.
734 2321 762 2366 C.
781 2322 808 2367 ct
826 2334 916 2367 omnes
935 2321 999 2367 Poll.
1021 2322 1159 2370 Lambinus
1175 2325 1288 2370 testatur
1303 2323 1329 2370 in

362 2408 436 2455 codd.
447 2406 500 2452 suis
511 2404 619 2464 reperiri
631 2406 777 2451 tamenetsi.

429 2492 460 2536 V.
478 2490 519 2536 24.
552 2488 633 2535 Nolui
652 2503 710 2536 cum
725 2488 840 2536 Lindem.
852 2490 992 2537 extrudere
1002 2489 1065 2552 fac,
1077 2490 1199 2548 quoniam
1211 2493 1251 2538 cst
1261 2492 1289 2538 iu
1298 2493 1327 2537 V.

362 2579 401 2636 G.,
421 2587 500 2634 quare
520 2573 596 2619 initio
612 2587 703 2620 versus
719 2574 785 2620 eieci
797 2582 834 2635 ut,
846 2588 897 2632 quo
908 2574 1004 2633 optime
1016 2589 1105 2621 carcre
1116 2589 1265 2637 possumus,
1278 2576 1328 2623 uisi

361 2663 428 2708 torta
438 2658 600 2706 retinendum
610 2659 636 2703 ct
647 2660 736 2718 quovis
745 2673 797 2704 uua
810 2659 908 2718 syllaba
918 2660 1142 2718 pronunciandum
1154 2664 1202 2708 est.
1214 2663 1248 2708 ci.
1259 2661 1327 2720 prol.

362 2761 385 2793 v.
397 2749 438 2793 9⁰.
461 2746 549 2792 Iovem
560 2745 585 2790 et
595 2743 627 2788 ad
639 2742 663 2788 b.
674 2742 692 2788 Ι.
705 2744 824 2802 exempla
836 2744 931 2792 similia
943 2745 1060 2792 collecto.

428 2833 459 2876 V.
481 2831 521 2875 26.
556 2843 623 2875 nunc
637 2830 668 2876 V.
679 2830 721 2886 C.;
741 2829 805 2874 Pali.
819 2832 842 2875 b.
854 2830 984 2890 omittunt,
996 2830 1073 2877 ctiam
1083 2830 1137 2877 Pal.
1149 2831 1173 2890 ³,
1185 2830 1230 2888 qui
1241 2833 1327 2878 tamen

361 2914 433 2974 prius
443 2913 544 2960 babuit:
563 2927 673 2958 uxorem
683 2926 750 2960 nunc
760 2913 830 2959 mihi.

429 3000 459 3043 V.
478 2999 519 3044 27.
554 2998 584 3043 V.
605 2998 642 3055 C.,
662 2997 736 3055 Pau„
755 2998 837 3058 Grut.‚
857 2999 1071 3046 circumvalla.
1107 3000 1156 3046 Ed.
1166 3000 1249 3058 princ.
1260 3002 1326 3047 valle

361 3098 409 3142 ma,
420 3096 495 3140 quam
505 3084 608 3129 secutus
618 3084 657 3127 cst
667 3081 782 3127 hindam.

428 3168 460 3213 V.
476 3168 517 3212 28.
554 3167 584 3213 V.
596 3168 624 3212 C.
634 3181 685 3213 sec.
696 3168 754 3213 Par.
765 3181 821 3214 cum
831 3166 896 3212 acilas·
903 3179 977 3214 sacr.

630 3318 756 3366 AGTUS
780 3320 1051 3367 1¹1.scENA1v.

426 3441 457 3486 V.
475 3439 499 3484 2.
534 3437 618 3497 Nunc,
639 3438 706 3494 quod
727 3438 842 3485 hindam.
861 3439 968 3498 recepit,
985 3440 1068 3487 Pareo
1079 3442 1145 3488 teste
1157 3456 1205 3488 ncc
1216 3442 1244 3489 in
1254 3445 1285 3489 V.
1297 3445 1324 3489 C.

359 3538 409 3570 nac
427 3524 455 3570 iu
474 3524 528 3570 ulio
547 3523 601 3569 Pal.
621 3522 758 3580 reperitur.
778 3523 831 3571 Pal.
851 3527 934 3581 quart.
945 3523 1021 3570 initio
1030 3524 1098 3587 fuit,
1114 3530 1205 3584 postea
1208 3528 1287 3589 fuat,
1298 3531 1324 3575 ct

360 3608 473 3655 additum
488 3612 527 3655 cst
540 3622 617 3668 supra
626 3607 671 3653 iin.
687 3608 731 3653 sit.
742 3608 878 3671 (isocrat.
920 3611 998 3657 Teste
1010 3610 1082 3656 Grut.
1094 3612 1150 3657 cod.
1164 3614 1234 3658 Cain.
1270 3613 1323 3659 Nec

361 3694 496 3752 qaisquam
506 3701 561 3740 tam
570 3693 736 3755 audaxfuat
744 3693 827 3739 leonm.

428 3778 459 3823 V.
478 3779 502 3822 5.
537 3777 598 3838 Aut,
621 3779 689 3836 quod
709 3779 830 3826 uouuuili
847 3779 966 3826 inserunt
981 3782 1041 3838 post
1055 3781 1114 3842 Ille,
1125 3783 1192 3828 testa
1202 3784 1286 3829 Pareo
1297 3783 1322 3828 in

360 3861 433 3908 nulio
445 3862 502 3907 cod.
512 3864 566 3909 Pal.
580 3863 716 3922 reperitur.

428 3946 467 3992 lb.
487 3948 537 3993 Pro
556 3950 626 3996 irata·
644 3948 747 3997 volebat
762 3948 893 3997 Acidaiius
909 3950 1020 4008 ingrati,
1031 3949 1095 3997 iliud
1107 3953 1192 3998 tamen
1204 3954 1245 3998 est
1256 3952 1283 3998 in
1293 3954 1323 3997 V.
