3409 4784
626 1406 1094 1507 eunurnrlo'

434 2027 522 2106 vNova
541 2048 591 2106 lux
610 2050 704 2106 oborta
721 2059 763 2106 est
777 2046 884 2118 Plauto,
902 2069 937 2107 ex
955 2069 1012 2125 quo
1025 2053 1148 2123 primum
1163 2019 1329 2106 ilitscirelius

365 2161 492 2216 codicum
525 2168 552 2215 et
580 2159 732 2215 editionum
757 2160 843 2217 Plauti
870 2160 988 2216 familias
1011 2169 1135 2215 accurate
1152 2154 1280 2216 distinxit
1302 2168 1329 2216 et

363 2272 464 2327 iterum
489 2267 523 2325 ad
549 2268 629 2325 codd.
657 2268 791 2326 Palatinos
814 2289 830 2326 a
853 2270 985 2327 Gronovii
1007 2279 1092 2326 aetate
1116 2288 1150 2325 ne
1168 2269 1258 2324 dicam
1279 2263 1328 2325 ne-

363 2380 480 2456 glectos,
508 2379 557 2435 sed
585 2388 657 2435 certe
679 2398 695 2434 a
718 2380 858 2454 plerisque
882 2399 936 2436 non
959 2379 1048 2454 pluris
1069 2380 1223 2435 aestimatos
1242 2397 1327 2453 quam

363 2491 498 2546 secundae
520 2486 640 2544 familiae
662 2489 784 2557 codices,
809 2490 954 2547 hominum
975 2492 1116 2547 doctorum
1137 2491 1243 2545 animos
1263 2508 1328 2545 oon-

363 2602 444 2657 vertit
469 2608 495 2655 et
518 2592 684 2672 ipse‘unam
708 2598 829 2656 fabulam
855 2602 1021 2667 Plautinum,
1042 2600 1203 2665 Bacchides,
1226 2599 1260 2654 ad
1278 2598 1328 2656 ho-

363 2727 425 2765 rum
448 2711 528 2765 eodd.
553 2710 635 2766 fidem
658 2711 809 2766 constituit.
849 2712 902 2767 Sed
924 2730 959 2767 ne
976 2711 1045 2784 quid
1065 2718 1231 2782 superesset,
1252 2710 1327 2781 quod

362 2820 562 2875 desideraretur
581 2820 616 2875 ad
635 2820 775 2887 Plautum,
795 2822 887 2894 quoad
901 2825 961 2877 eius
980 2822 1038 2876 fieri
1059 2827 1159 2893 potest,
1181 2819 1215 2874 ad
1233 2817 1328 2891 pristi—

363 2948 426 2984 nam
443 2931 626 3004 integritatem
639 2932 853 2996 restituendum,
866 2929 1006 3004 profectus
1020 2938 1061 2986 eet
1075 2931 1156 2985 etium
1170 2931 1199 2983 in
1209 2928 1323 2993 ltaliam,

363 3041 412 3095 ubi
431 3056 486 3095 non
506 3038 596 3095 solum
614 3043 717 3097 multos
736 3041 804 3096 aiios
822 3041 944 3106 oodioes,
972 3041 1020 3095 sed
1038 3041 1159 3095 maxime
1177 3038 1257 3093 etiam
1279 3054 1327 3093 ve·

363 3161 446 3206 terem
465 3149 678 3206 Ambrosianum
698 3152 923 3224 palimpsestum,
939 3153 989 3224 qui
1006 3151 1092 3204 instar
1111 3148 1264 3223 ἀρχετύπου
1277 3164 1327 3202 no-

363 3262 407 3316 bis
432 3278 493 3316 esse
510 3259 605 3326 debet,
635 3278 744 3315 summa
767 3279 830 3316 oum
850 3261 992 3334 diligentia
1012 3260 1145 3331 inspexit,
1166 3259 1270 3331 quibus
1289 3264 1327 3312 tot

363 3373 501 3443 mutisque
522 3370 658 3425 subsidiis
680 3371 804 3436 adiutus,
828 3378 895 3443 quot
921 3378 983 3425 ante
1007 3382 1071 3424 eum
1096 3368 1210 3424 fortasse
1231 3372 1322 3429 nemo,

361 3480 501 3552 pollicitus
517 3489 559 3536 est
571 3497 601 3534 se
614 3488 700 3536 totum
718 3481 843 3535 Plautum
857 3480 1006 3535 editurum.
1046 3478 1136 3546 Quare
1149 3478 1325 3549 Ladewigiue

361 3600 461 3646 temere
488 3589 624 3644 iacturum
649 3599 676 3644 et
699 3591 804 3664 aliquid
828 3590 927 3645 inutile
949 3597 1142 3661 suscepturum
1166 3584 1322 3648 affirmavit,

360 3701 504 3773 quisquis,
529 3710 691 3772 anteaquam
711 3702 853 3756 Ritscheiii
872 3702 957 3756 editio
974 3702 1003 3755 in
1018 3699 1162 3772 pubiicum
1176 3695 1325 3767 prodisset,

361 3811 487 3865 Piautum
517 3810 654 3865 edendum
679 3811 733 3866 sibi
758 3821 933 3883 proponeret,
958 3811 1034 3883 quod
1056 3817 1145 3863 tamen
1167 3806 1228 3860 viro
1245 3804 1326 3858 doeto

361 3936 415 3975 non
434 3922 509 3975 omni
529 3936 563 3975 ex
584 3929 660 3991 parte
679 3921 791 3976 ooneedi
811 3930 909 3994 mtest.
951 3921 1072 3974 Primum
1086 3917 1160 3973 euim
1175 3915 1324 3970 disorimou
