3409 4784
359 600 394 640 lv
721 598 961 639 Panaenum.

361 740 403 788 est
426 731 582 787 iaciendum
605 733 741 787 intereas
763 720 884 798 fabulas,
906 732 1024 805 quaein
1043 731 1103 786 eod.
1127 729 1254 785 Ambros.
1276 748 1325 786 ex-

362 850 421 898 tant
448 851 475 898 et
498 860 543 897 eas
568 859 639 915 quae
662 842 703 896 ibi
725 841 928 907 desiderantur,
953 843 982 896 in
1007 858 1125 914 quarum
1147 859 1261 896 numero
1285 850 1327 895 est

365 953 446 1009 etiam
470 951 644 1024 Amphitruo.
685 951 787 1006 Deinde
809 960 899 1005 autem
919 952 974 1005 iam
993 951 1101 1023 pridem
1119 951 1154 1005 ab
1173 951 1327 1004 Hermanno

364 1070 392 1118 et
413 1061 562 1117 Ritsohelio
585 1059 695 1134 regulae
717 1077 748 1114 ac
772 1070 914 1133 praecepta
941 1062 1086 1116 constituta
1109 1069 1187 1126 sunt,
1208 1077 1278 1133 quae
1299 1062 1327 1114 in

366 1171 459 1228 verbis
473 1170 607 1226 Plautinis
621 1170 795 1225 restituendis
806 1171 945 1243 sequenda
956 1172 1024 1236 sint,
1041 1188 1158 1243 quorum
1169 1187 1229 1242 ope,
1242 1170 1329 1225 adiuti

366 1289 504 1354 praeterea
524 1279 619 1335 multis
639 1297 710 1351 quae
728 1297 763 1335 ex
783 1281 843 1336 eod.
863 1279 989 1336 Ambros.
1010 1280 1126 1352 aliisque
1145 1281 1231 1335 bonae
1251 1289 1330 1335 notae

367 1389 412 1446 vel
438 1407 453 1444 a
472 1391 542 1444 Maio
560 1391 603 1445 vel
623 1393 799 1463 potissimum
818 1410 833 1445 a
853 1389 1002 1446 Ritsohelio
1021 1389 1116 1445 multis
1137 1390 1205 1444 locis
1224 1398 1329 1445 enotata

367 1508 446 1565 sunt,
476 1500 500 1554 si
523 1518 578 1555 non
601 1502 706 1566 omnia,
733 1509 759 1556 at
781 1500 900 1555 multum
921 1508 991 1554 certe
1010 1508 1146 1572 praestare
1168 1501 1328 1571 poterimus.

368 1608 443 1678 Quid
461 1610 536 1683 quod
555 1611 615 1683 ipse
633 1609 799 1665 Ritsohelius
814 1627 859 1664 eas
884 1609 1003 1675 fabulae,
1028 1627 1098 1681 quae
1117 1628 1171 1665 non
1191 1619 1282 1664 extant
1302 1611 1331 1664 in

368 1719 560 1793 palimpsesto,
576 1720 729 1774 seeundum
743 1728 885 1792 praecepta
901 1737 931 1774 ao
946 1719 1067 1793 regulas,
1084 1737 1154 1791 quae
1172 1737 1206 1774 ex
1218 1719 1332 1792 reliquis

331 1813 334 1819 ⁴
370 1829 530 1902 repetendae
549 1838 576 1885 et
595 1829 759 1885 derivandae
777 1838 856 1894 sunt,
872 1829 1054 1884 emendandas
1073 1847 1132 1884 esse
1145 1828 1255 1885 oenset‘l
1275 1831 1331 1884 lam

369 1956 434 1996 vero
453 1947 614 2012 anteaquam
634 1938 799 1994 Ritsohelius
820 1939 961 1994 thesauros
978 1958 1042 1994 suos
1056 1939 1162 2012 publici
1176 1915 1245 1993 iuris
1261 1937 1332 1993 lece-

369 2050 419 2115 rit,
440 2050 469 2104 in
488 2049 525 2104 iis
546 2047 660 2114 fabulis,
680 2066 750 2123 quae
774 2048 875 2104 desunt
894 2050 922 2106 in
942 2049 1002 2104 cod.
1022 2048 1160 2115 ambros,
1180 2050 1331 2103 etiamnum

369 2176 420 2232 pro
434 2156 611 2243 fundamento
625 2133 705 2234 quasi
724 2131 875 2232 unicuidue
890 2161 939 2234 qui
954 2160 1036 2215 verba
1058 2134 1152 2231 poetae
1167 2159 1332 2213 restituenda

369 2269 424 2325 sibi
446 2270 602 2342 proposuit,
624 2278 689 2325 sunt
713 2269 793 2348 codd.
814 2246 920 2336 Palatt,
941 2287 1059 2344 quorum
1078 2248 1206 2325 lectiones
1224 2287 1333 2325 summa

370 2396 435 2434 cum
449 2377 592 2452 diligentia
606 2379 686 2433 nobis
700 2382 820 2437 enotavit
834 2381 946 2445 Pareae,
968 2398 1032 2435 cum
1049 2355 1152 2452 quibus
1167 2387 1256 2433 tamen
1268 2397 1334 2434 eon-

371 2485 496 2543 ferendae
515 2495 581 2542 sunt
600 2487 710 2543 Gruteri
725 2489 920 2554 adnotationes,
938 2490 987 2563 qui
1001 2488 1074 2543 haud
1093 2506 1152 2543 raro
1167 2506 1211 2553 ea,
1229 2489 1257 2543 in
1271 2490 1335 2561 qui-

371 2597 425 2653 bus
444 2597 545 2652 Pareus
564 2598 678 2662 erravit,
700 2600 789 2672 arguit
808 2609 834 2673 et
854 2600 958 2655 veriora
977 2600 1012 2655 iis
1034 2598 1117 2675 affert.

699 2696 701 2703 Ι
876 2676 898 2698 1,,
1126 2674 1128 2679 ,

448 2747 520 2802 ilaec
547 2746 635 2804 habeo
657 2765 728 2821 quae
755 2757 847 2805 contra
868 2748 1058 2823 Ladawigium
1082 2747 1182 2803 dicam.
1223 2746 1276 2802 Sed
1301 2764 1336 2803 ex

373 2856 456 2912 altera
475 2866 565 2912 tamen
586 2865 662 2929 parte
680 2859 705 2912 ei
725 2859 931 2914 concedendum
951 2868 1004 2924 est,
1029 2860 1089 2913 sine
1108 2857 1248 2913 Ritsohelii
1267 2858 1337 2912 suh-

373 2965 454 3022 sidiis
472 2967 611 3025 neminem
631 2969 668 3022 ita
686 2968 773 3024 Plauti
784 2968 906 3024 fabulam
926 2969 1005 3024 edere
1024 2985 1117 3041 posse,
1139 2976 1170 3023 ut
1189 2966 1257 3025 nihil
1277 2986 1337 3021 arn-

374 3075 449 3149 plius
467 3075 502 3131 ad
520 3077 602 3131 verba
616 3086 710 3149 poetae
723 3087 795 3134 recte
808 3080 997 3138 eonstituanda
1009 3078 1189 3135 desideratur.
1229 3076 1274 3133 Sic
1288 3076 1338 3132 ad-

374 3185 488 3241 modum
508 3203 637 3258 ouperem
657 3195 688 3242 ut
705 3197 810 3259 praeter
832 3189 988 3244 varietatem
1008 3188 1143 3253 lectionis,
1160 3200 1245 3259 quam
1260 3186 1337 3242 Pala-

375 3295 425 3351 tini
450 3295 558 3353 eodioes
583 3296 726 3363 exhibent,
751 3307 822 3353 certe
845 3300 926 3354 etiam
953 3299 1090 3355 Orsiniani
1115 3306 1142 3353 et
1162 3296 1334 3362 Basileensis,

374 3422 445 3478 quos
464 3405 630 3465 Ritsohelius
647 3408 748 3467 Romae
762 3409 791 3465 in
807 3409 934 3469 Vaticano
948 3409 1069 3481 inspexit
1083 3407 1131 3480 (de.
1140 3408 1237 3462 ceteris
1250 3415 1334 3470 taceo,

374 3515 619 3589 quoniamqualis
640 3525 718 3572 notae
740 3518 796 3573 sint
815 3536 869 3574 non
893 3520 1032 3592 cogaritum
1051 3490 1156 3589 habeo),
1179 3516 1248 3571 mihi
1269 3534 1338 3588 sup-

374 3626 496 3698 petisset,
516 3682 518 3687 ,
536 3626 570 3686 lli
593 3626 674 3681 ambo
700 3627 774 3682 enim
799 3628 908 3685 codices
930 3629 1054 3684 eiusdem
1074 3637 1139 3683 sunt
1157 3635 1235 3682 notae
1256 3635 1338 3698 atque

374 3743 455 3793 vetus
473 3735 560 3795 codex
575 3734 728 3802 Palatinus,
745 3747 771 3792 et
786 3739 821 3792 ita
836 3738 964 3810 quidem,
984 3748 1080 3794 utnon
1095 3739 1175 3793 abeo
1190 3736 1335 3808 pendeant,

375 3843 424 3899 sad
447 3852 479 3900 ut
496 3861 592 3903 omnes
615 3853 669 3899 tres
688 3845 801 3902 fortasse
819 3866 854 3903 ex
873 3848 978 3910 eodem
989 3848 1062 3904 lonte
1080 3847 1225 3920 principali
1244 3863 1338 3901 mana-

376 3954 473 4011 verint.
514 3953 568 4009 Sed
584 3956 818 4028 quamadmodum
839 3975 929 4031 saepe·
943 3969 984 4015 eat
1005 3959 1034 4014 in
1052 3957 1216 4031 philologia,
1236 3964 1268 4012 ut
1284 3973 1338 4011 non
