3409 4784
692 886 1179 950 colomannum

906 1025 949 1069 rn

568 1147 778 1212 PLAU'l'l
819 1146 1291 1214 AMPHlTRUONEM.

517 1410 556 1456 De
567 1408 762 1467 Amphitruonis
771 1409 904 1455 Plautinae
914 1408 1098 1469 mythologiein
1108 1411 1134 1455 et
1141 1412 1294 1470 argumento
1303 1409 1416 1470 legenda

450 1498 490 1542 ert
504 1493 685 1540 commentatio
699 1493 797 1540 Omnni
811 1495 843 1540 de
853 1493 936 1542 Plauti
950 1494 1138 1554 Amphitruone
1149 1495 1176 1540 in
1187 1508 1277 1541 museo
1287 1495 1415 1541 Rhemum

450 1579 513 1627 enni
531 1581 607 1639 1834,
626 1581 658 1640 ΙΙ,
675 1580 699 1638 3,
710 1593 734 1639 p.
751 1579 799 1624 ³⁰5
811 1592 876 1640 sqq„
886 1578 930 1637 qui
940 1579 1118 1626 demonstrare
1129 1581 1216 1627 studet
1226 1580 1292 1626 haue
1302 1579 1416 1626 fabulam

450 1664 595 1713 Plautinum
612 1679 661 1711 nee
672 1678 705 1711 ex
725 1664 881 1723 Epicharmo
901 1664 1077 1723 depromptam
1095 1678 1153 1711 eme
1167 1664 1217 1724 (alc
1231 1667 1334 1724 praeter
1348 1664 1417 1711 elion

452 1752 482 1797 A.
495 1748 563 1795 Guil.
575 1748 756 1811 Schlegeliua),
767 1764 816 1797 nee
826 1763 860 1796 ex
870 1762 967 1810 genere
978 1747 1215 1810 hilarotragoediae
1224 1749 1417 1796 llhluthonieae

452 1833 533 1882 initae
553 1833 604 1892 (nie
618 1833 818 1896 Eiehntaerltiue,
834 1834 1013 1894 Nenhirehiue,
1029 1830 1096 1897 alii),
1110 1843 1159 1881 nee
1173 1850 1207 1882 ex
1219 1834 1366 1894 Archippea
1377 1835 1418 1882 ia·

452 1919 513 1968 bula
531 1919 717 1978 Amphitruone
727 1933 891 1979 conversam,
902 1919 947 1966 ned
957 1919 989 1966 ad
999 1933 1115 1966 normam
1128 1923 1154 1967 et
1163 1920 1297 1979 exemplar
1307 1918 1418 1981 mediae,

453 2018 519 2063 quae
538 2004 642 2062 dieitur,
663 2006 821 2054 Graecorum
841 2004 991 2051 comoediae
1009 2006 1153 2052 conlectam
1166 2005 1233 2066 ehoe,
1246 2005 1283 2051 ita
1292 2007 1421 2052 umenut

454 2091 581 2137 nonnulla
601 2105 635 2138 ex
655 2091 800 2151 Archippea
819 2089 1007 2149 Amphitruone
1022 2093 1096 2138 abeo
1109 2091 1297 2150 reciperentur.
1333 2091 1419 2138 Lade-

453 2175 549 2236 wigius
559 2175 585 2221 in
593 2178 756 2222 commentat.
768 2176 800 2222 de
810 2189 912 2222 canone
921 2175 1033 2225 Volcatii
1045 2175 1154 2237 Sedigiti
1164 2190 1188 2235 p.
1201 2177 1242 2223 23.
1253 2189 1290 2233 eq·
1302 2178 1328 2222 et
1338 2174 1364 2221 in
1372 2175 1420 2223 ad-

454 2263 547 2308 notott.
558 2261 590 2307 ad
602 2261 720 2308 (laninam
730 2260 758 2307 in
769 2275 834 2308 mur.
845 2260 927 2308 Rhen.
939 2261 1015 2309 1844.
1026 2261 1072 2321 ΙΙΙ,
1090 2263 1115 2321 2,
1132 2275 1157 2323 p.
1170 2263 1220 2309 184
1230 2274 1320 2309 eorum
1331 2261 1422 2319 opini-

456 2360 516 2406 one,
533 2345 619 2403 quiex
629 2344 788 2404 Epicharmo
798 2346 840 2393 vel
850 2344 999 2400 lihinthone
1006 2345 1118 2394 fabulam
1127 2346 1272 2397 Plautinum
1282 2346 1422 2405 repetitam

456 2444 513 2477 eme
525 2433 625 2490 putant,
634 2432 756 2490 refutata,
768 2445 824 2477 eam
835 2433 881 2477 aut
890 2444 924 2477 ex
936 2427 1032 2477 Alcaeo
1045 2432 1086 2478 vel
1098 2431 1229 2495 Are-hippo
1241 2431 1284 2478 vel
1294 2412 1421 2478 Anaxau-

456 2514 529 2561 iride
548 2518 592 2562 aut
600 2529 635 2562 ex
649 2515 803 2564 reeentiorio
818 2516 969 2563 comoediae
980 2518 1059 2576 poeta
1067 2517 1244 2576 depromptam
1256 2531 1314 2564 eme
1326 2517 1422 2564 verlei-

456 2599 543 2646 minui
563 2598 700 2647 exietimat.
735 2599 805 2647 ldem
821 2600 985 2662 hadewigiur
995 2600 1021 2648 in
1032 2614 1096 2648 mun.
1107 2601 1180 2648 rhen.
1193 2602 1211 2648 Ι.
1224 2602 1242 2648 Ι.
1252 2601 1423 2661 Amphitruo-

458 2698 517 2731 nem
528 2698 597 2732 anno
608 2700 631 2732 a.
645 2686 704 2731 Chr.
718 2700 743 2732 n.
756 2687 805 2731 195
812 2684 847 2745 (a.
860 2701 884 2731 u.
895 2700 917 2732 e.
929 2682 990 2749 tho)
1002 2686 1111 2745 primum
1122 2687 1148 2734 in
1160 2702 1263 2735 neenam
1269 2688 1423 2746 productam

459 2783 516 2816 eme
536 2773 646 2828 probare
664 2771 758 2831 studet,
779 2771 848 2829 quod
862 2774 949 2818 tamen
963 2771 1119 2820 Ritecheliui
1134 2771 1161 2820 ln
1174 2773 1292 2833 parergia
1301 2773 1385 2819 Plaut.
1397 2787 1423 2832 p.

457 2855 517 2902 232.
527 2855 614 2902 adnot
623 2856 759 2902 admodum
768 2855 896 2903 incertum
906 2859 932 2903 et
943 2857 1046 2904 dubium
1056 2872 1113 2905 eme
1123 2860 1204 2917 putat.
1239 2858 1424 2917 Ipeellitaehe-

457 2939 509 2986 liu·
523 2954 548 2998 p.
562 2941 611 2986 232
621 2954 658 2998 aq.
672 2943 770 2988 tantum
786 2941 835 2989 hoc
845 2942 982 2989 admodum
991 2942 1118 3001 probabili
1128 2943 1353 3004 argumentatione
1365 2945 1424 2990 elli-

460 3023 504 3083 eit,
514 3038 571 3070 eum
581 3039 613 3070 eo
624 3025 745 3087 prologo,
755 3040 830 3084 quem
840 3041 910 3074 nnnc
922 3027 1053 3085 habemur,
1063 3028 1277 3087 Amphitruonem
1287 3028 1337 3074 iam
1344 3028 1424 3087 paulo

460 3111 520 3167 port
529 3123 624 3156 annum
634 3124 656 3156 a.
668 3124 692 3156 u.
704 3125 724 3156 e.
737 3114 794 3159 ΙΙΙ.
807 3115 890 3160 acum
902 3126 959 3161 eme
970 3126 1056 3174 ponae.

780 3237 1061 3285 ARGUMENTUM
1083 3239 1102 3284 1.

528 3338 558 3382 V.
578 3339 601 3382 2.
640 3337 765 3385 Taleton.
775 3339 858 3386 Erant
865 3339 994 3388 Teleboae
1000 3339 1160 3387 Acarnaniae
1171 3339 1427 3400 populumquirlein-

461 3422 492 3468 de
502 3435 554 3468 ree.
566 3422 718 3480 Apollodor.
733 3424 765 3483 ll,
778 3427 803 3483 4,
815 3430 839 3473 h.
850 3425 887 3483 (v.
898 3429 994 3473 Osann.
1005 3425 1023 3471 l.
1032 3425 1050 3470 l.
1061 3440 1085 3483 p.
1097 3422 1159 3487 ³⁰8)
1170 3426 1234 3473 duee
1246 3424 1356 3485 Taphio,
1367 3427 1426 3471 hle-

460 3507 539 3554 utorir
549 3510 575 3554 et
585 3508 718 3567 layeirlicen
727 3509 780 3555 lilio
791 3509 878 3558 vicina
888 3511 974 3557 insula
984 3511 1075 3569 Tapho
1085 3511 1183 3568 potitur
1193 3513 1240 3557 eet.
1277 3511 1334 3556 vid.
1350 3511 1426 3558 Stra-

462 3595 494 3638 ho
505 3592 523 3638 l.
534 3607 561 3652 x,
574 3607 596 3638 c.
607 3598 632 3652 2,
643 3607 668 3652 p.
680 3594 738 3640 343.
751 3594 867 3642 Tanchn.
878 3599 903 3643 et
913 3596 1044 3643 Plinliat.
1055 3598 1108 3642 nat.
1120 3598 1162 3650 lv,
1174 3599 1214 3642 19.

774 3721 1052 3768 ARGUMENTUM
1076 3724 1112 3768 Il.

529 3819 560 3864 V.
578 3821 602 3865 1.
637 3818 801 3870 Mamaea
825 3823 954 3880 Exempla
968 3824 1077 3883 genitivi
1088 3823 1186 3882 antiqui
1196 3823 1222 3870 in
1241 3837 1272 3871 aa
1292 3823 1369 3869 haben
1384 3836 1426 3880 ap.

462 3901 586 3951 Prieeiau.
602 3905 645 3963 Vl,
661 3908 719 3954 olo.
730 3922 763 3956 ex
773 3907 847 3954 Livio
859 3907 1008 3955 Andronico
1020 3909 1047 3955 in
1058 3910 1100 3955 lV.
1110 3910 1127 3955 Ι.
1139 3909 1245 3968 Olym:
1264 3909 1341 3965 atque
1351 3921 1427 3955 ereas
