3409 4784
360 579 407 630 166
589 566 1080 626 COMMENTARIUS.

427 721 458 767 V.
477 720 519 765 25.
536 731 574 775 sq.
608 718 731 764 curavit..
741 723 786 762 et..
791 714 893 776 fieret..
902 714 1034 762 absolvat.
1045 713 1084 759 De
1095 712 1143 758 hac
1152 715 1254 758 mutata
1264 725 1326 758 con-

360 805 495 854 secutione
504 807 649 860 temporum
660 802 718 848 vide
728 814 794 859 quae
804 815 819 846 a
829 800 904 847 nobis
915 800 975 845 sunt
985 799 1114 857 disputata
1126 798 1158 843 ad
1169 798 1237 855 prol.
1251 812 1275 842 s.
1286 801 1324 844 611.

362 895 388 939 et
399 890 513 937 lrindem.
524 889 555 933 ad
564 888 590 933 h.
600 887 618 932 1.

430 976 460 1021 V.
480 976 521 1019 28.
556 973 587 1018 V.
599 974 626 1018 C.
638 975 663 1018 et
677 971 741 1018 Pall.
755 971 877 1029 saepis-io.
914 969 1012 1027 Scripsi
1025 981 1082 1014 cum
1092 967 1218 1026 Scioppio
1230 970 1257 1015 et
1268 967 1327 1013 Lin-

364 1063 428 1108 dem.
441 1059 527 1119 (quem
538 1056 607 1117 vide)
620 1059 760 1104 comestio.

429 1147 461 1191 V.
480 1144 521 1191 33.
555 1145 586 1190 V.
603 1141 633 1190 C.
643 1157 767 1203 suamque
777 1148 837 1188 ute.
855 1139 932 1201 Volg.
949 1139 1079 1198 Serumque
1087 1139 1195 1198 culpam
1204 1144 1329 1198 expetere

364 1234 392 1278 in
402 1231 540 1277 mortalem
549 1235 580 1274 ut
587 1230 668 1274 sinat.

434 1318 464 1362 V.
483 1316 523 1360 35.
560 1313 607 1359 Ed.
621 1313 702 1371 princ.
713 1313 875 1359 subditicios.

434 1402 464 1447 V.
483 1402 524 1446 36.
560 1398 599 1444 De
617 1397 688 1443 hiatu
708 1397 752 1455 qui
773 1400 812 1442 est
830 1397 859 1442 in
873 1394 940 1442 thesi
955 1394 982 1440 in
998 1408 1039 1440 vv.
1054 1408 1111 1441 cum
1125 1392 1272 1442 Alcumena
1283 1393 1330 1439 vid.

367 1484 487 1533 Schneid.
498 1484 572 1530 elem.
584 1484 604 1543 1,
616 1497 640 1541 p.
652 1483 709 1527 151.
722 1481 871 1528 ethindem.
882 1481 949 1526 adh.
962 1479 979 1524 l.

646 1608 773 1657 ACTUS
798 1612 816 1655 Ι.
842 1606 973 1655 scENA
998 1605 1050 1650 111.

387 1701 389 1704 ¹
435 1723 465 1767 V.
485 1723 508 1765 8.
544 1715 606 1764 Poll.
618 1718 644 1762 et
654 1717 693 1762 ed.
704 1716 785 1775 princ.
797 1719 833 1765 sit
842 1733 874 1763 m.
882 1732 910 1777 p.
1154 1773 1157 1780 Ι

435 1807 465 1850 V.
485 1808 507 1850 9.
544 1804 608 1847 Cum
623 1802 770 1849 camerario
786 1816 863 1862 quum
878 1803 974 1849 duabus
991 1801 1097 1860 syllabis
1107 1801 1332 1859 pronunciandum

369 1904 478 1948 censeo,
507 1888 544 1933 ita
568 1890 597 1934 ut
621 1887 841 1934 Lindemanniana
864 1887 1043 1934 emendatione
1069 1900 1123 1933 non
1147 1901 1280 1947 egeamus.
1301 1889 1331 1933 cl.

369 1975 435 2034 prol.
447 1977 488 2021 38.
499 1975 602 2033 loquar.

436 2061 466 2105 V.
486 2061 527 2104 1⁰.
563 2065 589 2104 te
599 2060 629 2104 V.
641 2059 679 2117 C.,
692 2059 764 2116 ran,
777 2059 816 2105 ed.
828 2058 919 2116 prino,
934 2057 1007 2104 nino
1018 2082 1053 2092 -
1063 2057 1133 2118 vulg.
1145 2071 1183 2102 re.

437 2147 466 2190 V.
486 2146 527 2190 12.
564 2142 595 2189 Se*
607 2144 665 2190 istie
681 2145 757 2190 rebor
768 2150 801 2189 te.
838 2144 877 2189 lta
888 2145 918 2189 V.
930 2144 966 2202 0.,
979 2142 1140 2189 Camerarius
1150 2145 1228 2200 atque
1239 2144 1335 2190 Grute-

369 2243 421 2276 rus.
456 2229 505 2276 Ed.
517 2227 612 2287 princ:
633 2227 736 2286 Edepol
744 2229 773 2272 m'
780 2229 829 2273 illa
833 2228 949 2290 furtivis
960 2228 1045 2273 rebus.

437 2331 468 2376 V.
488 2329 529 2374 13.
564 2329 620 2374 Illo
639 2328 671 2374 de
688 2330 788 2374 lunone
802 2328 931 2388 accipere,
945 2331 974 2374 ut
983 2328 1045 2375 fecit
1055 2329 1137 2388 Grut,
1149 2329 1231 2375 molto
1243 2329 1336 2376 diffiei-

368 2415 420 2460 lius
446 2417 472 2459 et
497 2413 641 2459 contortius
660 2413 723 2459 mihi
744 2413 846 2459 videtur
867 2427 942 2470 quam
962 2414 993 2460 de
1013 2412 1166 2473 Alcumena,
1187 2416 1216 2459 ut
1236 2415 1337 2473 accepit

368 2498 513 2556 Richterua
525 2497 569 2554 qui
583 2498 679 2556 optime
689 2498 757 2544 hune
767 2498 852 2545 locum
864 2497 900 2544 ita
909 2497 1106 2556 interpretatur:
1125 2513 1164 2544 me
1175 2499 1305 2556 prodente
1314 2500 1336 2546 si

370 2583 523 2630 rescisceret
545 2582 685 2628 Alcumena
704 2585 729 2629 te
745 2583 837 2629 falsum
855 2597 912 2630 esse
926 2581 1146 2643 Amphitruonem,
1162 2597 1193 2630 eo
1211 2581 1336 2644 facerem,

370 2671 406 2726 ut,
429 2682 462 2713 ne
480 2666 621 2712 adamatam
642 2668 764 2725 perderes
779 2668 922 2729 mulierem,
937 2681 1014 2715 verus
1025 2667 1178 2726 Amphitruo
1191 2682 1250 2716 esse
1260 2670 1336 2718 malis

370 2767 445 2811 quam
456 2752 545 2813 falens,
556 2752 574 2798 i.
585 2766 607 2798 e.
620 2753 697 2799 homo
708 2766 783 2811 quam
793 2753 865 2799 deus.

438 2839 468 2882 V.
487 2839 528 2882 15.
563 2840 593 2883 V.
615 2842 642 2884 C.
662 2843 688 2884 et
708 2839 771 2885 Pall.
793 2840 850 2884 tert.
871 2840 896 2884 et
912 2839 994 2894 quart.
1008 2839 1097 2884 lectae.
1113 2851 1151 2896 pr.
1167 2842 1193 2885 et
1210 2853 1262 2887 sec.
1273 2843 1339 2888 lecte·

371 2922 529 2968 absconsae.

439 3008 469 3052 V.
488 3007 529 3051 22.
565 3004 641 3065 Vulg.
660 3006 714 3050 lam
732 3005 790 3064 hoc,
810 3009 901 3053 contra
922 3021 1031 3054 versum.
1066 3007 1337 3074 Hoetamlnndem„

371 3090 532 3136 Fleckeisen.
544 3089 562 3135 l.
572 3090 589 3134 1.
601 3104 624 3148 p.
638 3091 680 3136 36.

439 3192 470 3237 V.
489 3192 530 3236 25.
566 3191 642 3252 Vulg.
680 3193 831 3239 Clanculum
851 3194 909 3239 abis·
921 3207 939 3239 o
954 3194 1062 3254 legione,
1078 3194 1146 3250 quod
1163 3194 1338 3246 vitiosumest

370 3277 477 3335 propter
498 3275 625 3333 duplicem
639 3276 743 3322 hiatum.
777 3277 878 3324 lnserui
892 3292 938 3338 ego
955 3292 1011 3324 com
1026 3279 1174 3326 Hermanno
1188 3279 1214 3326 in
1227 3296 1342 3331 censura

371 3362 431 3410 diss.
447 3362 561 3418 Kampm.
583 3361 614 3407 de
628 3363 662 3407 ab
677 3375 764 3420 praep.
780 3363 929 3421 usuPlaut.,
941 3367 1057 3420 quaeest
1069 3364 1094 3410 in
1107 3364 1189 3410 lahnii
1203 3368 1230 3413 et
1240 3368 1340 3416 Klotaii

371 3447 447 3494 novis
460 3445 545 3492 annal.
557 3446 619 3504 phil.
632 3448 691 3506 1111,
703 3446 754 3493 vol.
766 3449 808 3505 35,
820 3451 881 3494 sect.
893 3449 917 3493 2.

439 3533 469 3577 V.
489 3532 529 3577 28.
564 3533 594 3576 V.
607 3534 634 3576 C.
641 3532 735 3591 palpo,
745 3532 807 3578 Poll.
816 3534 916 3591 palmo.

439 3618 469 3662 V.
489 3619 529 3663 35.
560 3617 622 3663 Pall.
635 3620 660 3662 et
671 3617 739 3676 vulg.
752 3617 882 3676 tempu'st.

439 3702 470 3746 V.
488 3703 529 3748 36.
566 3703 616 3748 tibi
631 3701 656 3748 h.
671 3702 688 3747 1.
705 3706 810 3760 propter
822 3702 925 3761 longam
938 3701 1146 3749 enunciationem
1157 3717 1341 3763 praegressam

371 3784 508 3842 repetitum
519 3789 567 3832 est.
578 3789 611 3833 cl.
623 3788 653 3833 de
665 3787 711 3833 hac
721 3786 877 3845 repetitione
888 3787 920 3832 ad
930 3788 996 3844 prol.
1007 3800 1031 3833 v.
1043 3788 1067 3835 1.

439 3871 468 3915 V.
488 3873 528 3918 311.
565 3871 681 3932 qualt'st.
725 3870 823 3917 Similis
849 3884 966 3930 apocope
986 3876 1041 3919 erat
1062 3872 1134 3919 vocis
1152 3874 1246 3920 sinu'ls‘s
1269 3876 1290 3934 1,
1314 3878 1341 3936 1,

372 3953 429 3999 291.
441 3955 499 4000 2112.
