3409 4784
430 581 555 638 PROL.
588 584 754 640 toa-tta.
783 581 846 638 Acr.
861 584 882 637 1.
898 582 942 638 Sc.
955 581 974 645 Ι,
990 583 999 634 t
1016 611 1054 622 —
1066 582 1106 636 ⁴7.

281 727 321 782 Ea
331 725 411 791 dona,
426 743 498 798 quae
510 724 568 780 illic
578 724 773 799 Amphitruoni
785 733 852 781 aunt
861 726 932 791 data,

281 817 471 887 Abstulimua;
493 817 572 873 facile
583 835 662 874 meus
674 828 750 891 pater
762 818 837 892 quod
848 817 905 873 volt
915 817 987 875 facit.

282 913 363 966 Nunc
373 909 455 966 hodia
465 908 631 982 Amphitruo
640 913 731 967 veniet
743 911 799 967 huo
811 912 846 967 ab
860 913 980 968 exercitu

284 1002 302 1034 *
311 1004 347 1058 Et
355 1020 452 1058 servus
466 1004 546 1058 cuius
556 1020 607 1076 ego
620 1003 691 1058 hanc
701 1002 758 1058 fero
768 1004 928 1077 imaginem.

283 1098 365 1152 Nunc
373 1098 525 1152 internosse
535 1105 567 1151 ut
575 1114 626 1151 uos
636 1097 748 1168 possitis
759 1095 877 1162 facilius,

283 1189 342 1262 Ego
351 1188 401 1243 has
412 1189 518 1244 habebo
528 1206 616 1262 usque
626 1191 655 1244 in
668 1197 761 1261 petaso
774 1187 917 1260 pinnulas;

285 1281 356 1336 Tum
366 1299 427 1336 meo
436 1283 507 1353 patri
517 1289 608 1336 autem
623 1282 728 1336 torulus
739 1283 821 1336 inerit
829 1298 928 1336 aureus

284 1373 343 1429 Sub
353 1382 460 1446 petas03
482 1373 512 1428 id
525 1375 638 1447 signum
651 1372 846 1444 Amphitruoni
857 1390 911 1428 uon
922 1374 982 1428 erit.

283 1468 323 1522 Ea
333 1467 412 1540 signa
422 1484 503 1522 nemo
513 1467 610 1521 horum
621 1465 798 1520 familiarium

284 1559 384 1616 Videre
393 1560 500 1631 poterit,
512 1576 609 1615 verum
623 1577 672 1615 voa
685 1558 825 1615 videbitis.

285 1652 341 1708 Sed
349 1651 560 1724 Amphitruonis
570 1650 627 1706 illic
640 1658 681 1706 est
690 1669 788 1708 servus
797 1650 884 1715 Sosia,

264 1765 267 1770 ·
285 1745 309 1801 A
319 1754 400 1816 portu
411 1743 468 1799 illio
478 1761 552 1800 nuno
562 1761 626 1799 cum
637 1742 737 1798 laterna
747 1743 867 1798 advenit.

286 1836 406 1911 Abigam
415 1838 471 1892 iam
481 1854 531 1910 ego
540 1835 620 1891 illum
634 1835 824 1891 advenientem
834 1835 869 1889 ab
882 1834 1007 1890 aedibus.

286 1930 380 1995 Adest,
396 1929 467 1985 ierit.
508 1928 613 2002 Operae
622 1929 742 2000 pretium
751 1928 797 1982 hic
807 1928 995 1999 spectantibus

287 2025 379 2078 lovem
390 2031 417 2078 et
425 2022 592 2078 Mercurium
603 2020 691 2076 facere
701 2019 885 2075 histrioniam.

559 2252 688 2332 'sosia
709 2341 711 2346 ,
730 2247 972 2343 unucunrus.
1033 2245 1035 2250 ’

705 2395 825 2440 SOSIA.

290 2484 346 2551 Qui
356 2499 401 2537 me
411 2480 478 2535 alter
497 2488 540 2556 ast
548 2462 677 2534 audacior
686 2479 768 2534 homo
779 2487 826 2534 aut
838 2479 888 2552 qui
899 2479 1095 2535 confidentior?

291 2574 445 2632 luvs'ntutis
454 2589 544 2627 mores
555 2572 604 2645 qui
615 2572 710 2636 sciam,
723 2572 772 2644 qui
783 2571 835 2626 hoo
846 2572 934 2626 noctis
947 2573 1023 2627 solus
1034 2573 1194 2628 ambulem?
1223 2582 1225 2587 ’

291 2668 366 2737 Quid
375 2667 473 2722 faciam
484 2682 567 2730 nunc,
579 2665 604 2718 si
613 2665 722 2721 tresviri
732 2682 778 2719 me
786 2666 815 2719 in
825 2681 960 2719 carcerem
969 2666 1173 2739 compegerint‘?

292 2762 359 2818 hide
368 2776 428 2816 cras
438 2758 519 2831 quasi
532 2774 548 2811 a
558 2757 723 2829 promptaria
734 2756 802 2812 cella
812 2757 957 2829 depromar
966 2757 1000 2813 ad
1011 2757 1136 2832 flagrum,

292 2857 349 2910 Nec
358 2868 485 2908 caussam
496 2850 575 2905 liceat
584 2849 675 2904 dicare
684 2850 754 2904 mihi
767 2852 895 2922 usquein
906 2850 972 2906 hero
981 2852 1132 2924 quicquam
1143 2852 1228 2908 auxili
1323 2859 1340 2910 5

293 2948 350 3004 Siet
359 2963 410 3002 neo
419 2945 569 3017 quisquam
582 2943 619 2997 sit
628 2944 697 3015 quin
708 2961 753 2997 me
765 2961 860 2998 omnes
873 2960 933 2998 essa
942 2942 1060 3018 dignum
1071 2944 1211 3016 deputent.
1237 2964 1241 2979 ·

292 3044 332 3097 lta
341 3039 422 3112 quasi
432 3035 561 3091 incudem
572 3052 617 3089 me
629 3032 762 3092 miserum
773 3038 899 3092 homines

293 3134 361 3191 Octo
372 3131 456 3187 validi
466 3128 580 3184 caedant
589 3129 682 3201 itaque
1156 3162 1159 3167 ‚
1280 3129 1341 3206 [tto]

292 3228 409 3299 Peregre
421 3222 570 3278 adveniens
1323 3236 1326 3249 =

293 3304 449 3376 Publicitus
458 3314 579 3386 hospitio
588 3312 715 3384 accipiar.
977 3363 980 3369 ,
1137 3303 1158 3347 ϋ
1186 3303 1250 3367 ar
1314 3318 1344 3368 40

294 3413 366 3467 Haec
376 3410 435 3465 heri
446 3405 620 3463 immodestia
1190 3415 1191 3419 ¹
1235 3396 1250 3417 ‘²

244 3549 247 3554 .
295 3503 399 3576 Coegit,
412 3497 791 3572 mequihocnootisaportu

295 3594 424 3670 ingratiis
435 3592 578 3660 ¹excitavit3
600 3605 690 3646 nonne
700 3588 774 3644 idem

296 3689 352 3744 Hoc
362 3687 419 3742 luci
429 3702 474 3740 ma
484 3685 592 3739 mittere
601 3681 709 3756 potuit?

297 3780 435 3854 Opuleuto
445 3777 551 3834 homini
560 3775 613 3831 hoc
623 3775 742 3830 servitus
752 3772 821 3828 dura
831 3782 882 3839 est,

296 3873 353 3928 Hoc
362 3871 452 3945 magis
463 3870 547 3924 miser
556 3876 598 3923 ast
607 3868 702 3924 divitis
714 3884 818 3922 servos.

299 3968 453 4037 Noctesqua
462 3963 579 4035 diesque
588 3960 700 4016 assiduo
711 3959 778 4014 satis
788 3974 927 4031 superque
936 3967 986 4022 est,
1064 3974 1066 3979 ⁴
