3409 4784
659 589 1028 647 SUBDlTlClA.
1284 596 1314 648 ot

362 734 529 798 Fabularier,
540 743 655 790 mutatos
664 740 760 790 atticos
769 740 798 790 in
808 737 925 791 Arcadia
938 739 1061 797 immines,

360 828 394 882 Et
403 845 499 882 saeueis
509 830 609 881 belluas
618 827 793 883 mansitasse?
812 847 860 884 nec
870 847 987 898 unquam
999 832 1083 882 denuo
1091 830 1245 895 parentibus

363 919 493 988 Copnitos.
514 920 555 974 Bi.
572 908 642 985 Ouid
651 924 715 974 illue
724 919 822 975 Sosia?
832 939 929 989 mopoa
938 924 1161 989 serst,quaemira
1169 925 1317 988 praedicas.
1396 926 1412 976 5

362 1012 415 1068 Ain
425 1022 453 1067 tu
464 1016 578 1067 alterum
588 1022 612 1066 te
622 1019 767 1081 repperisse
777 1017 848 1067 danti
859 1016 1018 1067 consimilem
1028 1013 1131 1068 8000000
1140 1011 1231 1067 dorsu?

362 1105 406 1160 So.
418 1106 477 1160 Aio.
489 1105 541 1160 Sed
551 1108 614 1159 neus
624 1114 651 1159 tu
662 1123 742 1174 quum
751 1123 797 1175 epa
807 1106 920 1169 Sosiam,
933 1106 1145 1174 Amphitruonem
1155 1106 1317 1174 Aotplitruo,

867 1202 930 1267 quid
940 1203 1001 1260 scis,
1015 1216 1052 1252 00
1196 1260 1198 1264 ,

367 1291 404 1344 Το
414 1296 482 1360 sorte
491 1294 575 1344 alium
585 1291 773 1359 Blepharmrem
781 1289 896 1359 parias?
916 1308 931 1344 0
942 1291 976 1344 Di
985 1294 1096 1360 iaciant,
1109 1299 1137 1343 ut
1149 1300 1176 1344 tu
1188 1308 1289 1362 quoque

365 1382 492 1438 Coaeisus
499 1389 596 1451 pupnis
605 1391 629 1437 et
638 1387 718 1437 illisis
727 1387 847 1437 donibus
858 1388 886 1438 id
895 1389 1046 1452 impransus
1059 1387 1178 1437 ereduas.

365 1477 435 1531 Num
446 1493 493 1544 epo
503 1478 547 1529 ille
556 1479 625 1530 alter
634 1474 720 1539 Sosia,
732 1480 779 1544 qui
788 1479 845 1530 illic
855 1493 921 1539 sum,
933 1493 971 1528 me
981 1479 1060 1530 aeolis
1069 1479 1208 1530 mulctauit
1217 1481 1308 1532 modis.
1383 1480 1412 1530 l0

365 1570 408 1622 Bi.
423 1569 497 1625 Mira
506 1574 630 1638 profecto,
641 1572 687 1622 sed
696 1573 797 1637 aradus
808 1572 928 1623 condecet
936 1572 1074 1637 prondire.
1100 1569 1169 1625 Nam
1180 1570 1221 1639 (ut
1233 1568 1319 1641 uideo)

365 1661 495 1730 Eupectat
508 1661 673 1729 Amphitruo,
689 1671 713 1716 st
723 1677 826 1716 uacusis
835 1663 900 1712 mini
909 1668 1000 1713 uenter
1010 1666 1128 1729 crepitat.
1159 1661 1216 1716 Am.
1227 1666 1320 1732 ecquid

866 1755 955 1806 aliena

365 1843 503 1899 Fabulae?
510 1850 539 1899 iu
549 1854 639 1900 nostro
649 1849 712 1899 olim
722 1847 831 1899 thebano
838 1863 931 1913 penore
938 1849 1080 1914 plusquam
1089 1849 1159 1900 mira
1167 1857 1319 1901 numeraret

363 1939 541 2008 Martipenam
564 1942 609 1992 iiie
629 1955 770 2008 oppressus
790 1940 903 1992 belluam
923 1954 1034 2006 mapnus
1053 1938 1175 2006 Europae
1196 1948 1319 2008 quaestor

886 2033 1016 2097 aupulneo

360 2126 476 2193 ,Repente
485 2127 581 2177 hosteis
587 2127 690 2191 peperit
699 2126 816 2187 serminio,
828 2130 852 2174 et
861 2130 980 2189 pupaota
991 2123 1054 2175 illac
1066 2139 1155 2190 pupae

364 2217 462 2273 Frater
472 2219 594 2271 trucetas
603 2221 715 2285 fratrem
720 2217 798 2268 nasta
810 2223 835 2268 et
843 2217 929 2282 palea,
937 2222 960 2266 et
970 2222 1076 2268 nostrae
1085 2217 1221 2268 authorem
1228 2220 1312 2284 pontis

368 2309 433 2365 Cum
450 2310 555 2363 Veneris
564 2312 622 2378 filia
631 2312 740 2376 anpueis
752 2310 865 2375 repsisse
875 2308 951 2360 tellus
961 2311 1089 2374 epirotica

370 2405 447 2456 Vidit.
487 2403 526 2454 De
535 2418 635 2455 sumam
644 2417 761 2455 summus
770 2400 872 2467 iupiter
880 2404 919 2453 sie
929 2404 1031 2462 statuit,
1042 2403 1081 2454 sic
1090 2404 1175 2469 tatum
1187 2402 1269 2454 labet.

366 2496 473 2565 Opturm
484 2511 571 2549 omnes
580 2502 709 2548 nostrates
716 2509 767 2560 pro
778 2495 861 2546 claris
870 2495 949 2561 sactis
957 2495 1026 2546 diris
1035 2501 1151 2561 apnntur
1161 2496 1247 2548 malis.

367 2590 435 2644 Fata
445 2594 527 2642 istaec
540 2605 580 2641 me
589 2594 719 2656 premunt.
730 2587 919 2653 pertolerarem
929 2588 984 2637 uim
997 2593 1107 2648 tautam,
1120 2588 1256 2655 cladesque

366 2684 547 2738 annclarem
556 2682 721 2748 impatibiles.
751 2677 795 2733 So.
807 2678 945 2745 Blepharo.
968 2677 1007 2730 Bi.
1023 2682 1088 2746 quid
1100 2676 1158 2732 est?
1176 2678 1220 2734 Sa.
1235 2685 1321 2737 nescio

888 2772 952 2838 quid
963 2772 1026 2824 moli
1035 2774 1162 2838 suspicor.

365 2869 407 2922 Bt.
430 2864 519 2932 Quid?
550 2865 593 2920 So.
608 2869 714 2929 uidesis,
730 2865 818 2918 Herus
830 2863 964 2916 satumtor
979 2866 1159 2931 oppessulatas
1171 2873 1232 2919 ante
1241 2869 1322 2934 toreis

604 2950 606 2955 ’
887 2958 1018 3024 proditur.
1097 3028 1099 3033 Ι

366 3053 407 3106 Bl.
427 3051 502 3106 Ntnti
516 3059 561 3105 est.
577 3054 672 3119 taonem
682 3056 803 3115 espectet
816 3050 996 3101 obambulans.
1025 3047 1068 3102 So.
1098 3053 1320 3119 curiosequidem.

888 3143 1047 3210 soreiseuim

371 3236 482 3299 Clausit,
501 3250 534 3288 ne
549 3240 767 3302 praeuerteretur
784 3237 866 3301 foras.
902 3231 943 3286 Bi.
959 3237 1080 3302 appenni.
1102 3233 1145 3288 So.
1158 3251 1204 3290 uec
1213 3241 1312 3305 pannio

871 3341 918 3378 uec
930 3327 1010 3393 latro;

368 3422 563 3481 Simeandias,
575 3420 702 3472 obserues.
743 3417 1109 3487 Nescioquidsecumsolus;
1126 3428 1191 3487 puto
1381 3425 1415 3480 25

369 3516 492 3570 Rationes
502 3515 609 3579 callipit.
621 3514 685 3579 quid
694 3519 817 3564 mammet
826 3513 888 3564 iiiuc
897 3516 1038 3580 excipiam,
1050 3528 1082 3564 ne
1092 3528 1216 3578 propera.

367 3608 424 3662 Am.
449 3607 479 3659 Vt
491 3613 583 3664 metuo,
595 3620 628 3656 ne
637 3607 717 3657 uictis
726 3605 841 3658 hostibus
852 3605 887 3659 lli
893 3614 1001 3673 partam
1011 3612 1164 3672 eapunpout
1172 3607 1295 3672 pieriam,

371 3701 462 3755 Totam
471 3701 548 3751 miris
560 3700 644 3754 modis
656 3704 774 3750 nostram
785 3701 863 3751 uideo
876 3700 1009 3752 turbatam
1020 3699 1158 3766 familiam.

367 3794 437 3872 ‘Tum
446 3807 511 3844 uero
520 3805 592 3843 uuor
601 3794 676 3850 uitio,
687 3797 787 3857 stupro,
799 3793 924 3844 dedecore
938 3807 977 3843 me
983 3791 1064 3858 pleno
1077 3791 1171 3841 enicat.

368 3884 422 3940 Sed
431 3888 463 3938 de
470 3891 566 3951 patero
576 3883 688 3936 miru‘st.
702 3890 760 3936 erat
771 3890 857 3936 tamen
869 3887 973 3952 sipnum
982 3884 1146 3949 obsipnotum
1152 3881 1240 3948 probe
1384 3887 1417 3939 30

372 3977 442 4043 Quid
451 3973 539 4032 mum?
555 3991 660 4044 pupnas
668 3983 801 4044 pupnatas
807 3977 949 4044 prolocuta
963 3983 988 4028 et
1000 3973 1127 4029 Pterelam
1138 3984 1322 4044 oppupootum,
