3409 4784
371 713 404 766 20

369 1179 404 1234 25

465 567 499 621 26
762 565 1122 628 AMPlllTllUO.

467 708 555 775 Quam
566 710 725 773 seminatus,
738 707 803 763 alter
812 726 906 764 mense
916 718 1051 783 septumo.
1082 720 1085 724 ’

464 803 568 858 Eorum
579 800 787 874 Amphitruonis
796 801 864 857 alter
873 810 922 868 est,
936 802 1001 858 alter
1011 806 1093 861 lovis.

464 896 564 951 Verum
575 895 675 949 minori
685 912 770 966 puero
779 896 866 950 maior
876 904 917 950 est
927 905 1011 968 pater,

465 989 553 1044 Minor
562 987 666 1042 maiori.
679 987 770 1042 iamne
779 987 831 1042 hoc
841 989 916 1045 scitis
926 990 995 1061 quid
1004 990 1073 1046 siet?

464 1081 518 1137 Sed
527 1080 693 1137 Alcumenae
702 1081 787 1135 huius
796 1081 908 1136 honoris
917 1084 1003 1156 gratia

464 1175 542 1230 Pater
550 1174 657 1229 curavit
666 1191 721 1228 uno
730 1182 761 1229 ut
771 1173 844 1230 foetu
855 1174 938 1240 fieret,

463 1268 522 1323 Uno
532 1275 562 1321 ut
573 1266 663 1321 labore
671 1265 794 1322 absolvat
803 1284 948 1322 aerumnas
958 1267 1036 1335 duas,

370 1357 431 1437 [lau]
462 1361 498 1415 Et
506 1376 542 1414 ne
551 1360 579 1414 in
590 1359 749 1431 suspicione
757 1368 875 1432 ponatur
884 1361 983 1432 stupri‚

367 1645 400 1696 30

461 1453 497 1508 Et
506 1450 672 1507 clandestina
683 1461 714 1507 ut
724 1450 824 1507 celetur
834 1453 983 1508 consuetio.

460 1544 632 1618 Quanquam,
645 1545 740 1599 utiam
750 1544 857 1600 dudum
868 1544 936 1610 dixi,
947 1546 1075 1602 resciscet
1089 1554 1177 1603 mmen
1184 1566 1203 1587 ·

462 1638 627 1711 Amphitruo
636 1654 694 1692 rem
703 1655 822 1692 omnem.
835 1637 903 1711 quid
913 1637 1016 1711 igitur?
1035 1656 1116 1694 nemo
1126 1641 1154 1695 id
1165 1640 1263 1712 probro

459 1730 579 1787 Proiecto
589 1731 670 1786 ducet
679 1729 853 1785 Alcumenae.
894 1731 962 1785 Nam
975 1730 1058 1788 deum

460 1826 520 1880 Non
531 1842 580 1897 par
589 1823 698 1878 videtur
708 1822 805 1889 facere,
816 1823 947 1879 delictum
957 1840 1039 1879 suum

460 1917 600 1990 Suamque
609 1925 640 1971 ut
650 1914 759 1989 culpam
771 1925 896 1989 expetere
906 1917 934 1971 in
949 1915 1090 1971 mortalem
1102 1918 1181 1972 sinat.

460 2011 615 2067 Orationem
626 2010 816 2081 oomprimam,
827 2007 937 2081 crepuit'
944 2007 1020 2063 ioris.

456 2103 621 2176 Amphitruo
631 2102 788 2158 subditivus
798 2119 895 2157 eccum
906 2102 962 2157 exit
972 2101 1044 2157 foras

457 2197 528 2253 Cum
538 2195 688 2252 Alcumena
701 2212 786 2251 uxore
796 2195 930 2250 usuraria.

831 2383 1032 2405 :m

555 2581 752 2639 lUPPl'l'Ell.
792 2578 1025 2636 ALCUlllENA.
1067 2580 1307 2639 MERCURIUS.

840 2698 1041 2744 IUPPITER.

364 2786 424 2866 [500]
454 2790 525 2844 Bene
536 2786 603 2851 vala,
617 2785 775 2848 Alcumena,
788 2800 921 2838 curarem
935 2799 1119 2849 communem,
1132 2785 1206 2857 quod
1221 2784 1297 2852 lacis,
1364 2781 1369 2791 “

455 2881 545 2954 Atque
555 2881 673 2950 inperce,
686 2893 802 2949 quaes03
824 2892 933 2931 menses
946 2876 1000 2930 iam
1011 2875 1062 2930 tibi
1072 2893 1131 2931 esse
1141 2887 1213 2933 actos
1227 2878 1313 2934 vides.

455 2973 523 3029 Mihi
535 2988 644 3027 neeesse
654 2979 695 3026 est
704 2971 744 3025 ire
754 2969 833 3036 hin03
856 2985 952 3023 verum
962 2968 1037 3040 quod
1047 2969 1098 3024 erit
1106 2979 1209 3036 natum,
1223 2971 1317 3028 tollito.

821 3088 1040 3134 ALCUMENA.

454 3172 528 3241 Quid
537 3173 609 3228 istuc
621 3181 670 3238 est,
684 3173 722 3228 mi
733 3173 784 3238 vir,
798 3172 898 3246 negoti,
914 3169 989 3244 quod
999 3177 1029 3225 tu
1040 3177 1094 3225 tam
1105 3171 1196 3227 subito
1210 3175 1291 3230 domo

453 3264 560 3322 Abeas‘?

825 3383 1022 3430 IUPPITER.

556 3467 650 3541 edepol
663 3468 737 3523 haud
746 3468 821 3540 quod
831 3469 871 3524 tui
883 3485 927 3522 me
937 3485 1026 3541 neque
1035 3468 1110 3523 domi
1120 3468 1277 3536 distaedeat‚

452 3563 505 3618 Sed
515 3563 563 3617 ubi
573 3579 700 3616 summus
710 3562 857 3634 imperator
866 3578 919 3617 non
931 3560 1007 3615 adest
1016 3561 1050 3615 ad
1062 3563 1221 3627 exercitum,

452 3657 540 3712 Citius
550 3654 624 3728 quod
633 3672 687 3710 non
699 3654 802 3709 lacto'st
811 3671 890 3719 usus,
904 3653 934 3708 fit
943 3669 1026 3727 quam
1037 3654 1112 3726 quod
1123 3654 1225 3712 lacto'st
1234 3674 1312 3729 opus.

808 3772 1044 3819 MERCURIUS.

452 3860 542 3913 Nimis
552 3859 597 3913 hio
608 3859 705 3912 scitust
715 3857 883 3931 sycophanta
892 3857 942 3929 qui
952 3857 1064 3929 quidem
1076 3874 1153 3913 meus
1163 3859 1199 3914 sit
1209 3867 1292 3931 pater.

449 3952 626 4007 observatote
636 3953 719 4023 qiiam
729 3949 829 4005 hianda
842 3949 952 4006 mulieri
965 3948 1130 4022 palpabitur.
