3409 4784
457 571 519 627 rea.
536 574 555 626 1.
571 573 614 627 sa.
628 571 648 635 r,
662 571 830 629 arr-ssa.
853 571 1043 647 (aaa-arr.)
1194 576 1228 633 aa

686 723 808 769 sosla.

264 826 382 898 Egomet
392 825 462 880 mibi
471 841 526 879 non
535 825 616 879 credo
626 840 714 896 quum
724 823 803 878 illaec
813 833 957 881 autumare
967 826 1046 881 illum
1060 825 1156 893 audio;
1266 830 1317 884 265

264 919 316 972 llic
325 917 439 990 quidem
449 925 521 972 certe
530 933 601 989 quae
610 915 667 971 illic
678 924 744 970 sunt
754 933 796 971 res
806 926 906 990 gestae,
916 928 1047 974 memorat
1055 920 1219 975 memoriter.

263 1009 318 1064 Sed
328 1010 397 1082 quid
408 1010 458 1074 ais,
470 1010 538 1082 quid
548 1009 743 1081 Amphitruoni
755 1026 769 1062 a
781 1008 907 1065 Telebois
917 1021 958 1067 est
967 1011 1081 1067 datum‘?

625 1142 861 1190 MERCURIUS.

263 1244 367 1300 Pterela
378 1262 426 1301 rex
435 1246 484 1319 qui
495 1245 609 1318 potitare
623 1243 720 1300 solitus
731 1253 772 1298 est
785 1253 875 1315 patera
889 1262 979 1299 aurea.

679 1364 800 1409 soslh.

262 1445 419 1519 Eloqnutus
429 1452 479 1502 est.
493 1446 542 1502 ubi
553 1455 645 1519 patera
657 1464 732 1502 nunc
742 1446 802 1502 est‘?

621 1566 860 1611 MERCURIUS.

793 1651 821 1705 in
837 1648 971 1705 cistellula

262 1743 470 1814 Amphitruonis
479 1742 621 1816 obsignata
635 1744 714 1816 signo
723 1751 774 1799 est.

675 1860 797 1906 8081A.

763 1945 836 2018 signi
846 1942 892 1998 dic
902 1942 970 2016 quid
981 1940 1040 1997 est?

625 2062 861 2108 MERCURIUS.

258 2147 328 2203 Cum
338 2144 481 2220 quadrigis
495 2144 534 2200 sol
547 2146 682 2200 exoriens.
724 2145 797 2212 Quid
809 2164 853 2200 me
864 2154 955 2218 captas
967 2143 1117 2200 carnutes?

672 2264 792 2311 SOSIA.

255 2364 432 2440 Argumentis
443 2365 516 2430 vicit,
528 2363 602 2420 aliud
614 2381 713 2419 nomen
724 2364 918 2436 quaerendu'st
931 2366 1009 2421 mihi.

256 2459 355 2514 Nescio
366 2457 439 2513 unda
448 2457 515 2513 baec
525 2458 571 2513 hic
579 2457 720 2530 spectavit.
743 2459 799 2512 lam
809 2475 860 2532 ego
870 2458 946 2514 hunc
955 2458 1091 2530 decipiam
1099 2457 1193 2530 pmbe.

255 2553 326 2608 Nam
337 2550 412 2624 quod
422 2560 529 2624 egomet
541 2550 617 2606 solus
631 2549 683 2605 feci
694 2567 744 2606 nec
755 2550 903 2624 quisquam
913 2551 985 2607 alius
996 2550 1073 2606 alluit

254 2648 285 2701 ln
296 2643 457 2709 tabernaclo,
470 2643 500 2699 id
509 2643 623 2716 quidem
637 2642 719 2701 bodie
730 2660 873 2716 nunquam
886 2645 985 2718 poterit
998 2644 1098 2698 dicere.
1254 2643 1305 2698 285

252 2738 282 2793 Si
298 2747 327 2793 tu
338 2736 414 2792 Sosia
428 2754 467 2801 es,
480 2736 600 2810 legiones
613 2754 696 2808 quom
707 2737 867 2810 pugnabant
876 2753 1015 2801 maxume,

253 2830 328 2898 Ouid
341 2832 370 2885 in
384 2827 538 2884 tabernaclo
549 2827 657 2884 fecisti?
680 2830 769 2884 victus
780 2847 852 2894 sum,
866 2829 890 2883 si
901 2829 1013 2884 dixeris.

610 2964 845 3011 MERCURIUS.

252 3050 345 3107 Cadus
355 3059 412 3105 erat
422 3049 489 3112 vim,
503 3048 568 3103 inde
578 3048 691 3120 Implevi
705 3049 838 3111 hirneam.

669 3167 791 3213 sosia,

829 3249 983 3322 ingressust
998 3250 1079 3303 viam.
1237 3243 1298 3322 [lat]

610 3365 846 3415 MERCURIUS.

250 3458 319 3512 Eam
330 3472 388 3529 ego,
402 3463 433 3510 ut
443 3453 530 3508 luerat
540 3462 644 3517 natum,
658 3451 716 3505 vini
727 3449 811 3506 eduxi
822 3450 946 3506 hirneam
958 3452 1035 3507 meri.

669 3571 790 3618 SOSIA.

250 3659 399 3714 Factum'st
409 3655 488 3719 illud,
501 3663 532 3709 ut
544 3672 594 3728 ego
605 3653 662 3710 illic
676 3656 734 3710 vini
745 3656 870 3711 hirneam
880 3655 1014 3710 ebiberim
1025 3652 1103 3706 meri.
1248 3652 1298 3707 280

250 3752 317 3806 Mira
332 3758 405 3814 sunt,
419 3749 473 3804 nisi
485 3747 563 3803 latuit
572 3748 647 3802 intus
657 3747 715 3803 illic
726 3749 753 3802 in
767 3747 831 3803 illac
841 3748 945 3802 hirnea.

609 3867 843 3912 MERCURIUS.

248 3953 323 4021 Quid
334 3951 426 4009 nunc?
448 3952 554 4007 vincon'
565 3952 735 4025 argumentis
745 3959 771 4006 te
781 3969 835 4007 non
849 3966 910 4004 csse
920 3944 1044 4002 Sosiam?
