3409 4784
463 573 526 630 Aer.
538 574 559 629 l.
571 571 615 628 Sc.
628 573 647 637 l,
660 575 710 630 28³
721 604 759 613 -
771 573 803 638 ll,
819 575 860 626 l9.
881 571 1031 645 (tle-11,
1046 571 1099 645 te.)
1217 577 1251 629 tt

655 725 891 771 MERCURIUS.

294 806 370 862 Tuae
381 807 405 861 si
415 806 485 879 quid
498 806 541 862 vis
554 807 699 874 nunciere3
720 805 791 860 banc
802 815 921 861 nostram
933 805 1008 861 adiro
1022 823 1076 861 non
1089 807 1188 861 sinam.

292 899 364 954 Nem
375 899 398 954 si
410 917 454 955 me
464 899 610 963 inritassis,
625 898 707 954 hodie
719 897 949 972 lurnbilrengium
963 899 1028 953 binc
1039 899 1155 955 auferes.

721 1015 844 1059 sosIA.

296 1097 373 1153 Abeo
383 1098 485 1170 potius.
526 1099 559 1154 Di
569 1098 745 1164 immortales,
758 1099 871 1153 obsecro
880 1104 998 1152 vostram
1008 1096 1101 1163 tidem,

295 1191 350 1246 Ubi
361 1207 410 1264 ego
421 1190 510 1263 periit
529 1190 577 1246 ubi
587 1192 750 1247 immutatus
759 1188 842 1245 sum‘l
863 1189 913 1244 ubi
924 1206 974 1263 ego
985 1189 1100 1246 formem
1111 1193 1238 1264 perdidi?
1297 1199 1347 1252 305

295 1282 339 1339 An
350 1290 458 1357 egomet
469 1299 514 1337 me
527 1282 584 1338 illic
595 1284 705 1356 reliqui,
721 1283 745 1336 si
756 1280 824 1336 forte
834 1280 937 1336 oblitus
948 1281 1009 1337 fuit

296 1377 366 1432 Nem
377 1375 423 1431 hio
433 1375 546 1448 quidem
556 1393 665 1432 omnem
677 1376 824 1449 imaginem
835 1391 1013 1447 meem,quee
1021 1376 1134 1432 antehoc
1143 1377 1239 1445 iuerat,
1340 1400 1343 1406 ·

799 1467 928 1540 possidet.

297 1561 368 1616 Vivo
377 1560 415 1625 fit,
428 1560 503 1634 quod
513 1577 655 1633 nunquam
666 1561 815 1633 quisquam
825 1569 932 1616 mortuo
942 1559 1022 1616 faciet
1031 1561 1110 1617 mihi.
1286 1566 1346 1645 [ten]

298 1654 347 1709 lbo
359 1653 393 1708 ad
402 1662 512 1726 portum
522 1660 605 1726 atque
614 1654 680 1708 baec
690 1662 721 1708 ut
729 1663 795 1709 sunt
806 1652 883 1718 lecte,
897 1655 961 1709 bero
971 1654 1059 1709 dicem
1072 1672 1142 1711 meo.

297 1747 359 1801 Nisi
369 1747 450 1812 etiem
461 1747 486 1801 is
495 1763 606 1819 quoque
616 1763 660 1800 me
670 1746 814 1819 ignorabit,
826 1746 902 1818 quod
911 1745 957 1801 ille
968 1745 1048 1802 faciat
1059 1749 1190 1822 luppiter,
1298 1758 1348 1811 340

298 1839 342 1895 Uti
353 1857 403 1913 ego
412 1839 493 1894 hodie
503 1855 564 1894 reso
574 1838 661 1910 capite
673 1838 767 1894 calvus
777 1841 882 1911 capiam
893 1839 1007 1911 pileum.

658 2216 894 2264 MERCURIUS.

299 2302 372 2355 Bene
381 2317 565 2373 prospereque
576 2300 627 2356 hoc
636 2300 717 2357 hodie
726 2304 858 2373 processit
871 2303 948 2357 mihi.

300 2393 399 2449 Amovi
410 2411 424 2448 a
436 2392 542 2450 loribus
552 2411 711 2449 maxumam
725 2393 888 2460 molestiam,

299 2487 372 2542 Petri
382 2496 413 2542 ut
422 2486 516 2543 liceret
524 2495 582 2543 tuto
592 2486 667 2542 illam
678 2486 868 2559 amplexarier.

301 2581 358 2634 lem
368 2578 415 2634 ille
425 2578 492 2637 illuc
501 2580 534 2635 ed
544 2580 642 2636 herum
654 2598 737 2653 quom
748 2580 975 2652 Amphitruonem
986 2583 1135 2652 advenerit,
1145 2608 1149 2619 ¹

300 2673 426 2727 Narrabit
436 2691 542 2728 servom
554 2673 619 2728 hinc
629 2691 689 2728 sese
699 2691 714 2728 a
725 2671 831 2729 loribus
840 2674 947 2730 Sosiam

301 2766 457 2822 Amovisse:
475 2764 525 2820 ille
535 2765 602 2821 adeo
611 2765 691 2821 illum
702 2767 810 2823 mentiri
821 2768 876 2822 sibi

301 2859 406 2925 Credet,
419 2875 508 2932 neque
517 2858 606 2914 credet
616 2858 671 2914 buc
680 2857 842 2930 proiectum,
859 2870 889 2916 ut
898 2862 1022 2916 iusserat.

303 2953 410 3008 Erroris
421 2952 501 3007 ambo
512 2968 561 3025 ego
570 2951 631 3007 illos
641 2960 667 3006 et
677 2951 828 3007 dementiae

303 3044 452 3117 Complebo
462 3052 543 3116 atque
552 3061 661 3099 omnem
673 3043 880 3114 Amphitruonis
894 3043 1039 3113 familiam,

303 3137 378 3194 Adeo
388 3155 477 3211 usque
490 3137 637 3191 satietatem
649 3136 715 3191 dum
726 3138 814 3208 capiet
822 3146 897 3210 peter

303 3230 380 3286 lllius
391 3249 474 3303 quarn
484 3235 570 3295 amet,
592 3227 677 3301 igitur
687 3228 799 3283 demum
810 3247 905 3285 omnes
915 3232 1000 3286 scient

304 3322 379 3389 Quae
391 3321 466 3377 fecta.
508 3321 631 3392 Denique
640 3319 817 3375 Alcumenam
828 3323 950 3395 luppiter

304 3415 419 3489 Rediget
429 3416 569 3488 antiquam
580 3415 608 3468 in
620 3412 790 3469 concordiam
805 3416 941 3490 coniugis.

305 3509 374 3562 Nam
384 3506 548 3581 Amphitruo
558 3515 679 3562 actutum
690 3508 768 3562 uxori
778 3509 872 3563 turbes
880 3510 984 3565 conciet

305 3601 394 3674 Atque
404 3600 577 3656 insimulabit
586 3619 644 3656 eom
656 3600 762 3673 probri;
785 3609 843 3656 tum
858 3619 936 3658 meus
946 3611 1023 3675 peter

305 3695 373 3749 Eem
385 3694 545 3750 seditionem
555 3693 584 3747 in
595 3693 774 3766 tranquillum
788 3693 915 3751 conferet.

306 3789 386 3842 Nunc
396 3786 430 3842 de
440 3786 589 3843 Alcumena
600 3786 707 3842 dudum
717 3786 792 3860 quod
803 3787 862 3844 dixi
873 3789 975 3852 minus,

307 3879 392 3935 Hodie
402 3879 449 3935 illa
459 3881 545 3952 periet
555 3879 625 3935 tilios
635 3882 760 3954 geminos
770 3881 854 3949 duos;

306 3972 381 4028 Alter
390 3972 507 4033 decumo
517 3980 579 4045 post
589 3990 683 4029 mense
691 3980 817 4030 noscetur
826 3989 895 4044 puer
