3409 4784
476 601 539 659 Aer.
552 604 584 658 ll.
600 603 644 660 Sc.
657 606 690 670 ll,
704 609 872 663 212-231.
890 606 952 663 Aer.
968 609 1145 678 sst.sr.1.11,
1162 616 1172 667 l
1185 616 1257 669 -7.
1308 621 1338 673 51

753 885 953 932 murman.
980 854 988 863 ”

378 985 440 1061 Ego
449 1005 512 1044 sum
521 985 569 1043 ille
578 986 752 1060 Amphitruo,
765 993 811 1046 cui
825 1000 867 1048 est
875 1010 972 1049 servus
986 993 1071 1059 Sosia,

377 1079 455 1134 idem
466 1081 618 1138 Mercurius
629 1084 679 1156 qui
688 1082 727 1149 fit,
739 1083 850 1156 quando
861 1085 1080 1141 commodum'st.

378 1172 409 1226 in
421 1175 562 1245 superiore
571 1175 621 1248 qui
631 1173 725 1231 habito
735 1176 891 1243 coenaculo,

376 1264 433 1332 Qui
444 1265 583 1322 interdum
593 1266 629 1322 lio
638 1269 770 1340 luppiter,
783 1268 895 1342 qnando
906 1269 991 1325 lubet.

376 1359 437 1414 Huc
447 1366 538 1414 autem
551 1377 635 1432 quom
645 1361 783 1433 extemplo
792 1362 942 1418 adventum
954 1372 1075 1435 apporto,
1090 1363 1164 1421 illico

375 1450 543 1524 Amphitruo
553 1452 588 1507 lio
598 1462 625 1509 et
638 1455 767 1510 vestitum
779 1456 897 1511 immuto
911 1473 1013 1511 meum.

376 1545 458 1599 Nunc
468 1543 524 1600 huo
533 1543 645 1601 honoris
656 1548 738 1602 vestri
750 1547 830 1602 venio
838 1549 934 1621 gratia,

375 1637 417 1691 Ne
432 1636 503 1692 hanc
512 1637 646 1694 incoatum
658 1640 805 1712 transigam
816 1639 979 1695 comediam.

375 1727 466 1784 Simul
477 1729 651 1796 Alcumenae,
667 1749 751 1805 quam
761 1733 805 1786 vir
817 1733 953 1786 insontem
965 1733 1058 1803 probri

374 1821 541 1895 Amphitruo
550 1830 668 1888 accusat,
682 1825 744 1880 veni
756 1832 786 1878 ut
796 1822 933 1879 auxilium
945 1823 1044 1893 feram3

373 1914 445 1967 Nam
455 1932 515 1970 mea
527 1917 564 1972 sit
573 1914 664 1988 culpa,
678 1916 753 1989 quod
763 1925 871 1990 egomet
884 1919 1075 1982 contraxerim,

372 2005 402 2060 Si
413 2006 442 2061 id
456 2007 621 2063 Alcumenae
635 2010 772 2064 innocenti
782 2018 900 2080 expetat.

371 2099 453 2155 Nunc
462 2098 690 2174 Amphitruonem
703 2109 812 2165 memet,
826 2109 857 2156 ut
866 2103 976 2173 occoepi
988 2103 1081 2170 semel,

371 2192 441 2246 Esse
454 2191 622 2248 assimulabo
635 2202 716 2266 atque
726 2194 755 2247 in
766 2193 865 2248 horum
877 2192 1009 2248 familiam

371 2285 586 2344 Frustrationem
596 2285 677 2342 hodie
687 2287 799 2342 iniciam
813 2303 986 2355 maxumam,

371 2377 435 2432 Post
447 2378 532 2452 igitur
545 2378 658 2433 demum
673 2377 771 2434 faciam
782 2395 825 2434 res
835 2379 883 2434 fiat
896 2377 996 2451 palam,

369 2469 460 2543 Atque
469 2470 636 2527 Alcumenae
648 2474 677 2527 in
688 2481 809 2545 tempore
817 2472 954 2529 auxilium
966 2470 1050 2527 leram

368 2563 535 2637 Faciamque
544 2573 575 2618 ut
586 2582 642 2620 uno
651 2563 716 2630 fetu,
729 2573 755 2620 et
767 2563 842 2637 quod
852 2562 966 2636 gravida
977 2571 1018 2619 est
1029 2565 1102 2629 viro,-

367 2656 402 2711 Et
413 2657 541 2728 mequod
550 2657 706 2730 gravidast,
722 2659 809 2729 pariat
818 2657 879 2711 sine
888 2655 1038 2711 doloribus.

366 2750 533 2804 Mercurium
546 2749 615 2804 iussi
627 2768 670 2804 me
680 2752 808 2805 continuo
818 2748 959 2821 consequi,

366 2841 395 2897 Si
406 2841 475 2916 quid
487 2841 584 2897 vellem
596 2842 738 2915 imperare.
751 2860 825 2898 nuno
835 2841 906 2898 hanc
916 2840 1047 2914 alloquar.

731 3035 932 3058 Μ

608 3222 840 3279 ALCUMENA.
876 3221 1074 3278 IUPPITER.

732 3341 952 3389 ALCUMENA.

363 3429 466 3482 Durare
476 3444 583 3500 nequeo
592 3428 620 3482 in
631 3426 760 3482 aedibus:
782 3426 820 3480 ita
829 3441 875 3479 me
883 3424 986 3498 probri,

363 3520 467 3594 Stupri,
479 3519 646 3575 dedecoris'a
657 3521 717 3575 viro
726 3527 849 3593 argutam
862 3517 937 3572 meo!

362 3615 402 3669 Ea
415 3621 560 3687 quaesunt
571 3612 648 3678 iacta,
665 3612 765 3668 inlecta
778 3628 807 3666 re
816 3628 877 3666 esse
887 3607 1047 3672 ooolamitat,

362 3706 438 3774 Quae
448 3722 539 3779 neque
549 3715 614 3761 sunt
625 3704 694 3760 facta
703 3721 793 3777 neque
802 3721 852 3778 ego
862 3705 891 3759 in
901 3719 946 3759 me
955 3700 1064 3765 admisi,
1078 3702 1168 3774 arguit

362 3798 453 3872 Atque
462 3798 492 3854 id
502 3815 547 3853 me
557 3815 661 3870 susque
670 3797 760 3870 deque
770 3813 830 3851 esse
839 3796 996 3852 habituram
1005 3800 1092 3864 putat.
1395 3805 1411 3856 5

361 3893 422 3947 Non
433 3889 529 3962 edepol
541 3889 638 3945 faciam
652 3907 742 3962 neque
752 3906 796 3944 me
805 3891 942 3962 perpetiar
950 3885 1044 3959 probri

361 3983 442 4041 Falso
451 3983 648 4048 insimulatam,
660 3982 729 4055 quin
739 3997 790 4055 ego
799 3980 881 4037 illum
890 3989 937 4039 aut
946 3980 1070 4037 deseram
1153 4061 1202 4118 M
1348 3982 1410 4061 [tto]
