3409 4784
461 578 833 646 maceniam-an.
860 578 1050 654 (ara-aaa.)
1197 584 1227 639 ar

688 761 809 807 sosIA.

813 862 988 916 peccaveram
999 865 1004 914 3

267 937 339 991 Nam
350 936 559 1009 Amphitruonis
570 940 675 994 socium
688 955 721 992 ne
731 955 775 992 me
788 955 848 992 esse
858 937 933 992 volui
946 937 1046 992 dicere.

629 1056 861 1102 MERCURIUS.

267 1138 395 1195 Sciebam
409 1140 539 1213 equidem
549 1141 658 1197 nullum
667 1157 728 1196 essa
741 1138 830 1205 nobis,
847 1140 901 1195 nisi
915 1157 968 1206 me,
984 1157 1091 1196 servom
1102 1140 1217 1196 Sosiam.

267 1232 353 1305 Fugit
366 1240 391 1287 te
402 1234 478 1289 ratio.

685 1352 807 1397 sosln.

477 1452 494 1490 ο
508 1436 613 1490 utinam
622 1435 695 1490 istuc
704 1436 792 1510 pugni
803 1434 933 1490 fecissent
945 1434 999 1490 tui!

624 1553 860 1601 MERCURIUS.

267 1636 326 1710 Ego
340 1655 404 1692 sum
417 1637 493 1694 Sosia
503 1637 558 1703 ilie,
571 1655 655 1712 quem
666 1648 696 1694 tu
709 1638 816 1694 dudum
827 1655 888 1693 essa
898 1637 989 1692 aiebas
1003 1636 1082 1691 mihi,

682 1757 804 1803 sosIA.

266 1839 388 1895 Obsecro
397 1856 446 1913 per
459 1858 554 1913 pacem
569 1839 648 1898 liceat
658 1850 684 1898 te
697 1841 809 1914 alloqui,
826 1851 900 1896 utne
915 1841 1051 1912 vapulem.

625 1960 829 2006 MERCURIU
838 1963 863 2004 S.

267 2045 325 2099 lmo
338 2042 461 2099 indutiae
474 2061 622 2116 parumper
635 2045 710 2109 fiant,
725 2046 749 2098 si
762 2045 832 2116 quid
843 2046 886 2098 vis
900 2044 985 2117 ioqui.

685 2162 805 2208 susm.

264 2247 325 2302 Non
340 2245 435 2317 loquar
448 2247 502 2301 nisi
513 2263 579 2318 pace
588 2245 666 2310 iacta,
677 2244 788 2318 quando
797 2245 900 2320 pugnis
911 2243 974 2317 plus
985 2243 1068 2299 vales.

624 2365 701 2410 MER
710 2364 858 2410 CURIUS.

266 2449 322 2513 Dic,
338 2449 362 2503 si
375 2448 510 2522 quidvis,
525 2467 580 2504 non
591 2449 703 2504 nocebo.
755 2519 757 2522 ι

682 2568 799 2614 Sosus.

707 2660 768 2708 tuae
782 2652 845 2707 fidei
859 2649 958 2707 credo?

623 2769 860 2817 MERCURIUS.

961 2867 1046 2906 meae.

685 2972 805 3018 soslu.

265 3059 348 3128 Quid,
364 3060 388 3114 ai
403 3056 499 3114 ialies‘?

623 3174 859 3221 MERCURIUS.

509 3268 568 3314 tum
581 3259 732 3313 Mercurius
742 3257 834 3313 Sosiae
843 3258 929 3312 iratus
940 3257 1000 3310 siet.

684 3375 805 3421 SOSIA.

266 3466 397 3521 Animum
411 3463 535 3530 advorte3
557 3478 631 3516 nunc
646 3459 708 3513 licet
721 3458 790 3513 mihi
805 3458 889 3514 iibere
902 3457 1014 3530 quidvis
1029 3455 1114 3528 ioqui.

267 3557 476 3629 Amphitruonis
489 3573 540 3629 ego
552 3571 615 3610 sum
629 3569 723 3609 servos
736 3552 822 3609 Sosia.

622 3673 859 3722 MERCURIUS.

835 3758 917 3813 etiam
931 3751 1039 3810 denuo?

680 3876 803 3922 soslu.

268 3966 366 4021 Pacem
378 3963 439 4029 ieci,
456 3961 551 4019 foedus
563 3959 624 4026 ieci,
641 3976 703 4016 vera
716 3960 788 4015 dieo.
