3409 4784
451 562 485 614 64
745 558 1106 615 AMPHITRUO.

360 707 390 758 40
447 703 545 758 Eorum
555 721 614 758 eum
623 704 787 772 Blepharone
797 703 908 759 Soeiom.
921 706 1079 779 compellabo
1088 707 1135 758 noe
1142 709 1227 773 prius.
1238 705 1326 767 Sosia,

454 783 566 852 Tandem
577 801 613 851 ad
623 795 689 851 noe?
708 803 803 852 esurio.
843 797 887 851 So.
899 801 978 851 dimin
989 799 1036 850 tioi
1045 799 1114 851 huno
1123 797 1287 867 ueneficum?

451 890 507 944 Am.
518 890 600 943 Immo
610 893 679 944 nuno
689 907 735 958 epo
745 893 849 944 thebani
860 894 938 952 oiuee,
950 893 996 957 qui
1006 892 1076 942 dorni
1085 906 1196 944 umorem
1206 908 1290 945 meum

452 984 623 1050 impudicitia
633 986 778 1050 impedium,
789 1000 837 1051 per
847 999 923 1052 quem
934 990 1005 1034 teneo
1016 984 1167 1035 thesaurum
1175 987 1270 1051 stupri

453 1075 496 1130 So.
517 1075 594 1138 Here,
605 1079 630 1128 ei
640 1083 668 1128 tu
677 1091 747 1128 nuno
757 1077 850 1138 esurie,
865 1091 910 1142 epo
919 1082 996 1127 eatur
1004 1079 1100 1142 pupuie
1109 1078 1145 1129 ad
1158 1079 1281 1131 teuoiito.

361 1170 393 1223 ⁴5
450 1169 506 1224 Am.
523 1168 618 1237 Perpin
626 1166 770 1236 moetipio?
798 1166 841 1222 So.
853 1169 943 1220 abiud
953 1165 1122 1220 Acherontem
1132 1171 1253 1238 uenefioe.
1279 1171 1409 1224 Ammon

954 1257 1117 1328 uereefionm?

457 1353 568 1422 Vopulo.
594 1352 634 1406 Iu.
660 1369 727 1420 quoe
745 1354 835 1420 noepee
854 1355 1036 1419 intemperiae,
1058 1360 1087 1406 ut
1110 1361 1139 1406 tu
1159 1369 1244 1406 meum
1266 1352 1409 1408 uerteret?

952 1444 1009 1497 Am.
1022 1442 1114 1498 tuum?
1133 1446 1173 1499 Iu.
1185 1463 1276 1500 meum.

451 1540 507 1594 Am.
530 1538 661 1595 Mentiris.
680 1538 720 1592 Iu.
736 1537 814 1594 Sooio
828 1541 839 1591 i
852 1541 924 1591 intro
937 1539 1000 1590 dum
1013 1539 1082 1591 hune
1091 1542 1230 1607 eomufioo,
1244 1544 1410 1608 inoperetur

857 1631 1009 1696 prandium.

453 1725 496 1779 So.
510 1724 564 1777 Ibo.
576 1724 788 1791 Amphitruonem
798 1719 935 1793 (arbitror)
945 1725 984 1777 ita
995 1726 1102 1776 comiter
1112 1724 1267 1790 Amphitruo

451 1818 576 1884 Accipiet,
588 1823 618 1869 ut
627 1818 725 1868 dudum
738 1823 828 1868 memet
838 1830 884 1882 epo
894 1816 939 1867 iiie
948 1816 1017 1868 alter
1030 1813 1108 1869 Sosio
1118 1814 1230 1870 Surium.

359 1915 392 1969 20
449 1910 554 1964 Interea
566 1911 628 1962 dum
639 1911 686 1961 ieti
698 1915 808 1969 uertant,
823 1911 852 1960 in
859 1911 986 1975 popinam
995 1911 1192 1963 deuortundu'ot
1201 1912 1273 1964 mini.

450 2003 799 2069 Laneeeoeterpomomneie
811 2003 959 2068 omneieque
969 2001 1066 2054 trullae
1075 2003 1206 2056 hauriam.
1257 2000 1297 2055 lu.
1313 2011 1408 2056 tunme

451 2096 560 2152 Mentiri
569 2091 631 2148 aie?
650 2094 706 2146 Am.
717 2095 844 2154 mentiris,
856 2095 972 2159 inquam,
984 2109 1056 2146 meae
1066 2103 1206 2163 corruptor
1214 2097 1340 2164 familiae.

451 2190 491 2244 Iu.
504 2187 543 2243 Ob
552 2191 620 2241 intuo
630 2189 767 2253 indipnum
776 2188 876 2238 dietum
885 2193 909 2238 te
918 2185 1042 2238 obetrioto
1053 2189 1120 2240 eollo
1129 2189 1179 2241 hoe
1187 2191 1328 2255 arripiam.

452 2287 508 2337 Am.
534 2281 584 2334 Vae
602 2283 698 2334 mieero
711 2281 785 2331 mini.
816 2277 856 2330 lu.
872 2285 900 2330 ot
914 2280 943 2330 id
954 2281 1124 2345 proeeauieoe
1134 2283 1257 2346 oportuit.
1277 2280 1334 2335 Am.
1346 2280 1407 2335 ou-

949 2372 1178 2438 pitoroeuppetiue
1187 2375 1258 2427 mini.

359 2472 394 2527 25
449 2468 492 2522 et.
506 2465 659 2535 consimiles
668 2470 729 2516 eunt
737 2464 812 2524 odeo,
823 2469 852 2513 ut
862 2464 917 2515 utri
927 2465 1021 2526 adsim
1032 2467 1155 2517 nescium.
1165 2469 1257 2519 rimam
1270 2474 1357 2520 tumen

456 2562 486 2614 Vt
494 2565 586 2627 potest,
597 2560 729 2609 dirimam.
744 2554 898 2621 Amphitruo
913 2556 968 2607 noli
977 2554 1280 2622 Amphitruonemduello
1288 2563 1405 2627 perdere.

453 2653 554 2720 Linque
564 2651 659 2703 ooilum
667 2664 769 2716 preeor.
790 2647 830 2700 Iu.
842 2649 911 2699 nune
921 2655 949 2700 tu
959 2645 1171 2715 Amphitruonem
1179 2649 1308 2706 dictitat?

453 2747 493 2800 ot.
508 2739 626 2810 Quidni?
646 2757 714 2794 unue
724 2742 794 2801 oiim,
806 2756 876 2793 nuno
887 2756 950 2792 uero
958 2749 1053 2806 portus
1064 2750 1101 2795 eet
1112 2746 1237 2810 pominus,

455 2839 523 2893 Dum
534 2845 562 2889 tu
570 2838 613 2888 uie
627 2850 689 2896 esee,
700 2835 769 2886 alter
778 2850 880 2902 quoque
889 2849 943 2886 eree
952 2837 1038 2902 formo
1048 2849 1101 2887 non
1114 2838 1216 2901 desiuit

359 2937 392 2990 30
448 2931 553 2984 Interea
572 2942 668 2996 quoeeo
690 2927 785 2979 eoilum
805 2927 903 2994 linque.
933 2925 973 2978 Iu.
996 2927 1153 2995 linquenti
1173 2931 1216 2982 die
1233 2932 1305 2991 mihi,
1332 2932 1409 2983 uide-

411 3000 413 3005 ’
954 3026 1031 3071 turne
1041 3020 1089 3072 tibi

453 3117 516 3170 letio
530 3106 705 3178 Amphitruo?
724 3108 765 3162 ot.
783 3117 892 3177 uterque
906 3113 1017 3178 quidem.
1040 3110 1096 3164 Am.
1110 3113 1285 3180 pronaumme
1295 3111 1406 3180 iupiter,

953 3205 1082 3257 ubinodie

451 3301 519 3358 Atini
528 3303 641 3368 immam
647 3297 978 3362 aoiniuperpoquoerere.
985 3293 1208 3363 tunAmpnitruo?
1218 3296 1261 3349 1u.
1273 3296 1409 3366 tuuepae?

451 3395 507 3449 Am.
525 3392 638 3458 Pernepo
660 3391 766 3457 quondo
788 3386 878 3440 Thebis
885 3395 993 3454 praeter
1002 3388 1156 3442 menemo'et
1168 3390 1406 3456 aiterAmpititruo.

451 3488 492 3542 Iu.
514 3486 594 3538 Immo
610 3489 718 3550 praeter
737 3496 777 3532 me
790 3495 871 3533 nemo.
895 3488 974 3549 atque
994 3483 1059 3534 odeo
1070 3488 1098 3533 tu
1113 3480 1336 3548 Blepharoiudem
1345 3485 1406 3538 eiee.

449 3581 491 3634 Bi.
526 3577 636 3632 Fooiom
664 3578 705 3636 id,
736 3576 761 3627 ei
789 3588 867 3640 queo,
893 3577 976 3641 eipnie
997 3575 1097 3640 poium.
1128 3580 1155 3625 tu
1174 3577 1300 3642 responde
1318 3580 1407 3643 priue.

955 3666 1011 3718 Am.
1032 3667 1131 3718 iubens.

453 3765 493 3818 Bi.
513 3762 659 3831 Antequam
678 3775 737 3812 eum
753 3756 860 3824 Taphiie
879 3775 897 3810 o
911 3766 935 3810 te
947 3774 1037 3826 pupuo
1051 3761 1086 3811 sit
1099 3761 1181 3820 inito,
1198 3760 1261 3826 quid
1274 3761 1411 3814 umndoeti

953 3847 1036 3904 nini?

450 3949 507 4004 Am.
527 3947 626 4001 Parata
637 3948 710 4006 noui,
722 3945 799 3997 clauo
809 3944 930 3996 haereres
938 3943 1035 3996 eeduio.
