3409 4784
445 595 479 649 ai
735 585 1100 648 Auefllnuuo.

448 737 478 791 ld
489 753 540 810 ego
548 737 572 791 si
583 734 656 800 fallo,
670 745 729 791 tum
740 743 778 798 te·
786 748 897 790 summe
906 731 1040 803 luppiter,
1068 778 1071 782 .

371 870 374 875 ψ
398 851 401 855 ·
449 828 556 896 Quaeso
570 826 767 902 Amphitruoni
776 833 808 883 ut
818 841 928 897 semper
938 825 1024 882 iratus
1034 824 1099 878 sies.

814 958 1036 1007 ALCUMENA.

451 1046 503 1114 Ah,
515 1049 657 1121 propicius
668 1049 704 1103 sit
713 1047 816 1120 potius.

830 1178 1028 1227 IUPPITER.

816 1263 923 1319 confido
937 1261 1003 1326 iore,
1170 1332 1172 1337 γ
1198 1332 1200 1336 ι
1217 1336 1219 1340 ι

359 1365 393 1417 55
451 1361 519 1415 Nem
533 1357 726 1414 iusiurandum
737 1374 834 1438 verum
846 1364 871 1412 te
882 1355 1029 1411 advorsum
1043 1354 1117 1413 dedi.

454 1455 509 1509 lam
519 1469 594 1507 nuno
603 1451 668 1507 irata
680 1469 734 1506 uon
745 1449 793 1506 es‘?
1116 1452 1120 1460 '

819 1584 1042 1632 ALCUMENA.

800 1687 855 1726 non
866 1686 940 1725 sum.

827 1801 1031 1850 IUPPITER.

869 1891 872 1895 '
940 1884 1098 1942 benefacis.

364 1978 425 2056 [oio]
454 1981 523 2036 Nam
535 1981 563 2035 in
574 1980 719 2035 hominum
729 1988 814 2035 aetate
824 1979 909 2035 multa
921 1980 1052 2049 eveniunt
1063 1979 1233 2044 huiusmodi,

379 2086 381 2091 ·
399 2102 402 2107 ·
458 2073 577 2144 Cupiunt
587 2073 749 2146 voluptrios,
765 2074 879 2146 capiunt
887 2089 998 2128 rursum
1008 2071 1143 2127 miserias.

460 2167 516 2220 irae
526 2167 721 2232 interveniunt,
734 2164 849 2221 redeunt
859 2183 970 2221 rursum
980 2166 1010 2220 in
1018 2166 1143 2240 gretiam.

365 2262 398 2313 60
461 2259 563 2314 Verum
573 2260 630 2314 irae
639 2260 663 2314 si
674 2275 744 2332 quae
755 2256 823 2312 forte
832 2260 965 2317 eveniunt
972 2257 1133 2314 huiusmodi

460 2352 597 2416 intereos,
609 2369 720 2406 rursum
730 2352 755 2405 si
765 2359 908 2407 reventum
919 2352 948 2406 iu
961 2352 1076 2426 gratiam
1090 2359 1139 2415 est,

459 2445 505 2498 Bis
518 2451 592 2499 tanto
601 2444 682 2498 amici
693 2451 760 2509 suut
772 2444 842 2500 inter
851 2462 882 2500 se
891 2461 976 2518 quam
986 2445 1075 2517 prius.

825 2580 874 2625 AL
881 2580 1049 2626 CUMENA.

461 2664 585 2717 Primum
598 2663 703 2718 cavisse
711 2651 831 2735 oportuit
845 2680 880 2718 ne
889 2663 1004 2728 diceres,

462 2755 562 2809 Verum
571 2755 666 2811 eadem
677 2757 701 2811 si
714 2755 802 2811 isdem
816 2773 927 2830 purgas,
940 2756 1010 2811 mihi
1020 2755 1151 2828 patiunda
1161 2766 1235 2812 sunt.

837 2890 1034 2938 IUPPlTER.

368 2978 402 3029 65
459 2973 526 3028 lube
534 2991 599 3030 vero
612 2992 676 3029 vase
685 2992 754 3047 pura
765 2976 890 3031 adornari
901 2976 980 3042 mihi,

461 3066 495 3121 Ut
504 3083 574 3139 quae
584 3067 658 3140 apud
669 3067 802 3141 legionem
814 3076 876 3123 vota
885 3070 959 3134 vovi,
972 3069 996 3123 si
1007 3057 1120 3124 domum

370 3139 432 3218 [950]
463 3141 605 3197 Redissem
616 3142 720 3208 salvus,
735 3160 765 3198 ea
776 3161 825 3217 ego
836 3145 977 3201 exsolvam
987 3146 1088 3199 omnia.

826 3280 1048 3328 ALCUMENA.

463 3366 521 3440 Ego
532 3367 604 3422 istuc
616 3368 727 3423 curabo.

856 3504 1053 3550 IUPPITER.

744 3614 853 3661 evocate
866 3604 922 3660 huo
936 3605 1050 3669 Sosiam,

462 3695 676 3751 Gubernatorem
686 3699 735 3769 qui
747 3698 776 3753 iu
786 3714 846 3752 mea
856 3697 920 3752 navi
933 3695 987 3752 fuit

367 3787 402 3840 70
460 3786 656 3859 Blepharonem
667 3798 794 3853 arcessat,
807 3791 857 3863 qni
868 3789 1013 3846 nobiseum
1023 3788 1163 3863 prandeat.

462 3881 488 3934 ls
501 3879 568 3935 adeo
580 3881 738 3953 impransus
749 3882 936 3938 ludificabitur
948 3883 1031 3947 dolis,-

462 3970 551 4038 Qnom
562 3988 613 4046 ego
622 3972 852 4046 Amuhitruouom
862 3973 933 4032 eollo
947 3977 1012 4032 hino
1024 3976 1156 4032 obstrioto
1165 3974 1280 4031 traham.
