3409 4784
725 578 1088 636 Abrbirnuo.

676 890 917 948 MERCURIUS.
958 892 1204 950 AMPHITRUO.

821 1028 1058 1076 MERCURIUS.

462 1112 531 1181 Quis
541 1112 576 1168 ed
586 1111 722 1168 forisest‘?
1113 1084 1120 1096 ⁴

813 1228 1058 1277 AMPHITRUO.

713 1331 845 1388 egosum.

817 1432 1053 1478 MERCURIUS.

842 1516 912 1591 quid
923 1534 972 1591 ego
983 1513 1065 1572 sum?

816 1635 1058 1683 AMPHITRUO.

1063 1720 1099 1775 its
1111 1718 1216 1792 loquor.

823 1838 1062 1885 MERCURIUS.

1224 1923 1276 1979 tibi
1289 1924 1413 1997 iuppiter

457 2018 547 2091 Dique
555 2034 651 2072 ornnes
660 2017 721 2072 irati
731 2023 805 2092 certo
814 2024 888 2081 sunt,
901 2016 951 2089 qui
960 2015 1001 2070 sic
1012 2013 1121 2089 frangas
1131 2013 1211 2071 fores.

812 2139 1056 2198 Astrmrmm.

458 2238 518 2307 Quo
531 2236 631 2294 modo?

812 2351 1051 2399 MERCURIUS.

624 2456 656 2494 eo
666 2436 757 2503 modo,
768 2445 800 2493 ut
809 2435 930 2509 profecto
940 2438 1018 2492 vivas
1029 2445 1142 2493 aetatem
1153 2439 1245 2494 miser.

812 2572 1057 2620 AMPHITRUO.

456 2660 541 2715 Sosia.

807 2792 1044 2839 MERCURIUS.

529 2881 565 2934 ita
574 2895 638 2932 sum
650 2877 736 2942 Sosia,
752 2877 807 2933 nisi
820 2893 865 2931 me
874 2893 935 2932 esse
945 2875 1062 2933 oblitum
1071 2877 1221 2933 existimas.

456 2971 530 3040 Quid
540 2988 615 3027 nunc
624 2969 687 3025 vis?

808 3086 1051 3134 AMPHITRUO.
1312 3080 1324 3108 ⁸

685 3171 807 3237 sceleste,
819 3178 847 3227 et
857 3171 938 3227 etiem
947 3171 1016 3245 quid
1025 3169 1118 3237 velim,
1131 3171 1161 3228 id
1171 3181 1201 3229 tu
1212 3191 1256 3230 me
1267 3176 1367 3251 regas?

812 3307 1051 3355 mensuruus.
1139 3370 1147 3377 .

453 3398 493 3452 lte
504 3411 579 3470 rogo,
591 3410 662 3468 pene
671 3391 810 3468 obtegisti,
823 3391 906 3459 fatue,
922 3391 1028 3449 foribus
1040 3390 1176 3447 cardines.

455 3488 497 3546 An
508 3487 575 3544 foris
584 3488 715 3543 censebas
725 3487 806 3542 nobis
815 3485 969 3558 publicitus
979 3484 1152 3557 praeberier‘t

453 3581 527 3651 Quid
546 3598 590 3637 me
604 3589 737 3655 aspectas,
753 3578 869 3637 stolide?
891 3578 960 3652 quid
975 3595 1050 3633 nunc
1063 3579 1107 3633 vis
1122 3580 1173 3635 tibi
1193 3589 1241 3636 aut
1257 3584 1321 3656 quis
1335 3591 1408 3642 tues

956 3665 1057 3726 home?

804 3789 1050 3837 AMPHITRUO.

361 3876 435 3956 [0000]
451 3879 575 3942 Verbere,
591 3877 672 3932 etiam
685 3876 749 3949 quis
759 3892 810 3949 ego
820 3876 874 3929 sim
885 3891 929 3929 me
939 3874 1048 3948 rogites,
1061 3872 1199 3929 ulmorum
1214 3875 1368 3931 acheruns‘i

331 4003 341 4023 .
362 3977 393 4029 tc
450 3971 539 4039 Quem
553 3969 598 4042 pcl
612 3987 663 4043 ego
679 3968 761 4025 bodie
773 3969 809 4022 ob
824 3967 927 4022 isthaec
941 3965 1013 4022 dicta
1028 3965 1125 4023 faciam
1140 3966 1290 4025 ferventem
1301 3967 1403 4044 flagris.
