3409 4784
466 617 498 670 li
753 613 1115 671 AMPlllTllUO.

369 759 404 812 85
460 757 557 811 Hostes
565 757 653 812 crebri
664 756 774 822 cadunt,
787 758 873 813 nostri
884 766 975 815 contra
987 759 1127 832 ingruunt,

462 850 585 906 Vicimus
597 849 625 903 vi
637 847 748 905 feroces.

461 942 554 998 Sedin
565 940 659 1015 fugam
668 949 758 996 tamen
773 952 853 997 nemo
863 943 1040 1006 convortitur,
1099 976 1102 981 -

370 1031 431 1110 [ele]
460 1034 517 1088 Nec
526 1033 629 1089 recedit
639 1033 697 1090 loco
707 1035 776 1107 quin
786 1035 878 1089 statim
889 1052 947 1088 rem
957 1044 1046 1108 gerat3

461 1125 593 1185 Animam¹
602 1129 732 1182 omittunt
741 1128 904 1199 priusquam
916 1126 974 1182 loco
984 1126 1146 1198 demigrent,

367 1222 401 1274 90
458 1217 592 1290 Quisque,
605 1228 637 1274 nt
645 1227 762 1284 steterat,
775 1219 845 1273 iacet
855 1219 1014 1291 obtinetque
1026 1217 1160 1273 ordinem.

401 1325 403 1331 ·
461 1312 517 1366 lloc
527 1311 577 1366 ubi
587 1310 752 1382 Amphitruo
761 1312 947 1382 conspicatust
957 1311 1049 1375 herus,

460 1401 537 1459 lllioo
546 1404 652 1476 equites
663 1403 740 1458 iubet
748 1403 858 1458 dextera
868 1402 1007 1458 inducere.

459 1495 575 1567 Equites
585 1503 680 1566 parent
692 1495 748 1559 citi,
761 1494 916 1549 abdentem
926 1511 1056 1550 maxumo

459 1586 530 1658 Cum
543 1585 661 1642 clamore
669 1585 800 1652 involant,
813 1587 919 1658 impetu
931 1584 1013 1641 alacri
1026 1587 1149 1650 inruunt,

366 1683 401 1735 95
456 1679 576 1743 Fcedant
585 1687 613 1737 et
620 1687 762 1751 proterunt
771 1678 894 1741 hostium
904 1678 997 1749 copias

373 1805 403 1831 ,.‚
458 1773 520 1828 lure
530 1772 656 1827 iniustas.

816 1906 1055 1953 MERCURIUS.

458 2000 606 2072 Nunquam
618 1999 700 2052 etiam
710 1999 860 2071 quicquam
870 1997 960 2053 adhuc
971 1997 1118 2054 verborum
1129 2005 1170 2052 est
1179 1997 1338 2069 prolocutus
1350 2016 1414 2071 per-

961 2106 1064 2162 peram,

368 2181 429 2261 [teo]
457 2185 582 2257 Namque
600 2199 651 2257 ego
671 2181 711 2238 lui
726 2181 784 2237 illic
798 2184 827 2237 in
838 2199 867 2237 re
876 2185 1011 2255 praesenti
1025 2191 1051 2237 et
1062 2199 1150 2248 meus,
1162 2199 1246 2256 quom
1259 2191 1413 2258 pugnatum

961 2284 1010 2341 est,
1024 2285 1107 2348 pater.

877 2411 1004 2457 8081&
1077 2453 1081 2458 .

460 2500 616 2557 Perduelles
626 2507 767 2573 penetrant
779 2519 809 2556 se
821 2503 850 2557 in
861 2501 969 2576 lugam
991 2502 1031 2557 ibi
1041 2501 1141 2557 nostris
1152 2502 1261 2557 animus
1271 2502 1410 2561 additu'st.

369 2599 417 2651 400
459 2594 635 2651 vortentibus
646 2594 770 2648 Telebois
780 2591 841 2647 telis
851 2592 1058 2665 complebantur
1068 2610 1189 2665 corpora,
1205 2617 1219 2663 ‚-

371 2724 373 2729 .
392 2746 395 2751 ,
460 2690 596 2760 lpsusque
606 2686 771 2758 Amphitruo
782 2702 874 2759 regem
883 2684 1015 2740 Pterelam
1024 2693 1123 2757 suapte
1131 2672 1306 2742 obtruncavit
1314 2704 1409 2745 manu.

459 2781 530 2835 llaec
543 2779 601 2834 illic
612 2788 652 2834 est
664 2786 785 2852 pugnata
795 2795 888 2851 pugna
899 2794 987 2849 usque
997 2794 1013 2833 a
1023 2795 1103 2833 mane
1117 2778 1152 2832 ad
1161 2795 1322 2850 vesperum;

458 2873 515 2927 lloc
525 2872 592 2926 adeo
601 2871 654 2926 boc
664 2871 840 2926 commemini
850 2870 949 2942 magis,
961 2871 1026 2943 quia
1036 2869 1085 2926 illo
1094 2870 1140 2926 die
1149 2871 1297 2943 inpransus
1307 2869 1357 2928 tui.
1370 2897 1373 2903 ,

459 2964 512 3019 Sed
522 2963 656 3035 praelium
666 2962 695 3018 id
706 2962 814 3017 tandem
825 2961 937 3017 diremit
946 2978 1001 3016 nox
1010 2961 1165 3018 interventu
1174 2980 1237 3018 suo.

368 3060 416 3113 405
459 3056 592 3111 Postridie
600 3057 629 3111 in
640 3064 727 3110 castra
737 3071 772 3108 ex
781 3054 848 3109 urbe
858 3052 893 3106 ad
903 3069 953 3107 nos
963 3055 1078 3109 veniunt
1087 3053 1181 3110 flentes
1191 3055 1339 3127 principes,

459 3147 558 3206 Velatis
569 3148 698 3203 manibus
708 3154 794 3211 orant,
805 3147 981 3218 ignoscamus
991 3154 1133 3217 peccatum
1143 3165 1237 3202 suum.

458 3240 621 3314 Deduntque
630 3257 670 3305 se,
685 3239 779 3295 divina
788 3238 964 3309 humanaque
976 3239 1077 3304 omnia,
1090 3240 1188 3294 urbem
1199 3248 1224 3294 at
1235 3239 1335 3296 liberos

366 3333 428 3412 [itt]
456 3333 630 3389 Inditionem
640 3340 721 3405 atque
731 3332 761 3386 in
771 3329 932 3385 arbitratum
943 3332 1035 3387 cuncti
1043 3331 1172 3387 Thebano
1181 3330 1273 3404 poplo.

457 3427 522 3481 Post
531 3425 567 3480 oh
577 3426 706 3482 virtutem
716 3425 782 3480 hero
791 3424 987 3496 Amphitruoni
997 3431 1088 3495 patera
1098 3423 1196 3479 donata
1205 3441 1286 3478 aurea
1296 3434 1346 3490 est,

367 3521 414 3573 440
458 3516 513 3585 Qui
522 3516 625 3572 Pterela
635 3517 749 3588 potitare
758 3534 806 3571 rex
815 3516 913 3573 solitus
926 3524 976 3570 cst.
992 3516 1058 3570 haec
1068 3517 1109 3570 sic
1119 3515 1209 3570 dicam
1219 3516 1309 3573 herae.
1367 3586 1370 3591 Ι

459 3611 539 3666 Nunc
547 3627 660 3684 pergam
669 3609 728 3666 heri
737 3610 886 3682 imperium
896 3608 995 3680 exequi
1005 3615 1032 3662 et
1041 3623 1086 3661 me
1095 3606 1209 3663 domum
1219 3625 1369 3681 capessere.
1394 3648 1407 3667 -.

816 3725 1056 3773 MERCURIUS.

459 3810 540 3876 zittert,
553 3809 805 3879 illichucituru’et3
827 3812 874 3867 ibo
883 3828 933 3884 ego
943 3809 985 3864 illi
995 3809 1115 3864 obviam.

459 3904 554 3975 Neque
572 3918 622 3975 ego
641 3902 696 3958 huc
716 3903 857 3958 hominem
877 3902 959 3958 hodia
975 3901 1010 3956 ad
1029 3900 1105 3955 aedis
1119 3900 1169 3956 has
1183 3902 1271 3956 sinam
1285 3920 1409 3976 unquam

959 3994 1095 4050 accedere.
