3409 4784
442 609 476 663 ta
735 602 1097 661 tunultnuu.

445 749 499 805 dut
509 748 657 804 satisfaciat
667 750 706 804 mi
719 747 766 803 ille
776 756 858 820 atque
872 746 980 801 adiuret
990 748 1105 820 insuper

448 840 524 896 Nolie
534 859 594 896 esse
607 842 679 896 dicta
689 859 758 915 quae
771 842 799 894 in
814 857 859 894 me
868 841 1004 915 insontem
1015 840 1137 911 protulit.

818 974 1016 1021 IUPPITER.

356 1066 387 1116 ⁴0
443 1061 615 1116 Faciundum
627 1068 668 1114 est
678 1059 747 1113 mihi
758 1057 837 1123 iliud,
851 1058 909 1113 ficri
921 1058 995 1132 quod
1009 1057 1088 1113 illaec
1101 1057 1229 1130 postulat,

449 1154 478 1208 Si
489 1172 532 1208 me
546 1154 619 1209 iliam
631 1160 766 1206 amantem
777 1151 811 1205 ad
821 1168 882 1205 sese
892 1151 1017 1206 studeam
1030 1152 1159 1223 recipere,

450 1246 564 1314 Quando
575 1265 624 1320 ogo
634 1244 709 1318 quod
720 1243 781 1308 ieci,
794 1243 822 1297 id
833 1241 935 1298 factum
946 1242 1140 1316 Amphitruoni
1152 1243 1242 1299 obfuit
1292 1305 1296 1313 ,

450 1340 539 1412 Atque
549 1339 595 1394 iile
605 1339 711 1393 dudum
726 1354 804 1391 meus
817 1353 893 1391 amor
904 1337 1043 1410 negotium

451 1433 552 1488 Insonti
564 1430 704 1497 exhibuit,
725 1446 799 1483 nunc
809 1437 901 1483 autem
910 1430 1012 1484 insonti
1024 1429 1093 1484 mihi

360 1531 391 1582 ⁴5
448 1524 526 1584 Illius
537 1526 575 1579 ira
586 1526 614 1579 in
624 1518 694 1578 hanc
704 1531 730 1577 et
741 1520 885 1576 maledicta
896 1529 1032 1594 expetent.

816 1641 1040 1688 ALCUMENA.

452 1729 487 1782 Et
497 1744 589 1781 eccom
601 1725 689 1789 video,
702 1725 751 1797 qui
762 1740 806 1778 me
820 1726 948 1780 miseram
959 1726 1050 1798 arguit

453 1821 555 1892 Stupri,
570 1818 718 1873 dedecoris.

836 1936 1035 1981 IUPPITER.

361 2022 422 2100 [tou]
729 2027 755 2072 te
765 2018 836 2084 volo,
850 2036 929 2084 uxor,
941 2020 1070 2093 colloqui.

455 2114 515 2182 Quo
529 2112 573 2168 ted
583 2109 725 2167 avertisti?

819 2230 1040 2277 ALcUMENn

725 2315 762 2368 ita
771 2314 913 2387 ingenium
924 2332 1017 2370 meum
1031 2323 1080 2381 est,

459 2410 587 2464 {nimicos
598 2423 706 2478 semper
715 2423 761 2461 osa
771 2423 835 2461 sum
844 2409 990 2478 optuerier.

828 2525 1029 2573 IUPPITER.

458 2611 522 2666 Heia
533 2616 622 2663 autcm
634 2608 772 2663 inimicos.

824 2728 1044 2777 ALCUMENm

364 2818 398 2873 20
784 2813 825 2866 sic
835 2820 885 2878 est,
898 2829 960 2867 vera
971 2813 1107 2885 praedico,

459 2903 519 2958 Nisi
529 2904 609 2957 etiam
620 2902 672 2957 hoc
683 2901 750 2958 saiso
761 2903 816 2959 dici
827 2903 1029 2959 insimilaturus
1039 2923 1078 2959 es.

831 3023 1034 3070 IUPPITER.

459 3105 549 3160 Nimis
560 3105 712 3160 verecunda
724 3122 762 3160 cs.

825 3226 1046 3272 ALCUMENn

760 3310 843 3380 potin'
855 3328 884 3365 es
898 3318 929 3365 ut
939 3311 1075 3365 abstineas
1087 3309 1219 3364 manum‘?

462 3403 530 3456 Nam
541 3409 614 3454 certo
624 3400 647 3453 si
658 3401 697 3454 sis
708 3419 791 3455 sanus
802 3410 849 3456 aut
860 3403 950 3475 sapias
961 3403 1036 3468 satis,

460 3491 549 3560 Quam
560 3501 589 3547 tu
601 3493 771 3564 impudicam
783 3512 842 3549 esse
852 3478 982 3551 arbitrere
992 3504 1018 3550 et
1027 3495 1177 3568 praedices,

367 3591 400 3643 35
457 3587 527 3642 Cum
538 3602 568 3639 ea
578 3594 608 3639 tu
621 3582 774 3639 sermonem
785 3604 835 3640 nec
845 3589 905 3642 ioco
916 3604 966 3642 nec
979 3589 1050 3642 serio

462 3679 523 3734 Tibi
535 3678 644 3744 habeas,
658 3679 711 3732 nisi
722 3679 747 3732 si
757 3678 797 3732 sis
806 3679 916 3734 stultior
926 3680 1108 3736 stultissumo.

834 3815 1032 3861 IUPPITER.
1122 3860 1124 3866 ,

369 3893 429 3972 [tto]
458 3895 486 3949 Si
497 3895 565 3959 dixi,
581 3894 667 3949 nihiio
678 3898 766 3970 magis
776 3915 806 3952 es
817 3916 907 3970 neque
916 3917 967 3974 ego
977 3918 1037 3954 esse
1046 3900 1170 3964 arbitror,

461 3989 495 4043 Et
504 3986 533 4041 id
544 3987 598 4041 hnc
608 3989 717 4054 revorti,
730 3991 771 4046 uti
782 4007 826 4046 me
836 4008 981 4067 purgarem
996 3993 1056 4048 tibi.
