<?xml version="1.0" encoding="UTF-8"?>
<!DOCTYPE html PUBLIC "-//W3C//DTD XHTML 1.0 Transitional//EN"
    "http://www.w3.org/TR/xhtml1/DTD/xhtml1-transitional.dtd">
<html xmlns="http://www.w3.org/1999/xhtml" xml:lang="en" lang="en">
 <head>
  <title>
</title>
<meta http-equiv="Content-Type" content="text/html;charset=utf-8" />
  <meta name='ocr-system' content='tesseract 3.04.00' />
  <meta name='ocr-capabilities' content='ocr_page ocr_carea ocr_par ocr_line ocrx_word'/>
</head>
<body>
  <div class='ocr_page' id='page_1' title='image "./tmacciplautiamp00plaugoog_0055.png"; bbox 0 0 3409 4784; ppageno 0'>
   <div class='ocr_carea' id='block_1_1' title="bbox 549 554 1216 621">
    <p class='ocr_par' dir='ltr' id='par_1_1' title="bbox 549 554 1216 621">
     <span class='ocr_line' id='line_1_1' title="bbox 549 554 1216 621; baseline -0.007 -8"><span class='ocrx_word' id='word_1_1' title='bbox 549 556 612 613; x_wconf 74' lang='lat' dir='ltr'>Aca.</span> <span class='ocrx_word' id='word_1_2' title='bbox 629 555 662 611; x_wconf 89' lang='lat' dir='ltr'>ll.</span> <span class='ocrx_word' id='word_1_3' title='bbox 684 554 727 610; x_wconf 87' lang='lat' dir='ltr'>Sc.</span> <span class='ocrx_word' id='word_1_4' title='bbox 744 555 819 621; x_wconf 79' lang='lat' dir='ltr'>11,8t</span> <span class='ocrx_word' id='word_1_5' title='bbox 833 557 941 609; x_wconf 78' lang='lat' dir='ltr'>——id9.</span> <span class='ocrx_word' id='word_1_6' title='bbox 1187 555 1216 609; x_wconf 76' lang='lat' dir='ltr'>ii</span> 
     </span>
    </p>
   </div>
   <div class='ocr_carea' id='block_1_2' title="bbox 681 708 803 753">
    <p class='ocr_par' dir='ltr' id='par_1_2' title="bbox 681 708 803 753">
     <span class='ocr_line' id='line_1_2' title="bbox 681 708 803 753; baseline 0 -1"><span class='ocrx_word' id='word_1_7' title='bbox 681 708 803 753; x_wconf 78' lang='lat' dir='ltr'>SOSIA.</span> 
     </span>
    </p>
   </div>
   <div class='ocr_carea' id='block_1_3' title="bbox 262 791 475 862">
    <p class='ocr_par' dir='ltr' id='par_1_3' title="bbox 262 791 475 862">
     <span class='ocr_line' id='line_1_3' title="bbox 262 791 475 862; baseline 0 -14"><span class='ocrx_word' id='word_1_8' title='bbox 262 792 338 862; x_wconf 87' lang='lat' dir='ltr'>Quid</span> <span class='ocrx_word' id='word_1_9' title='bbox 351 793 403 849; x_wconf 89' lang='lat' dir='ltr'>tibi</span> <span class='ocrx_word' id='word_1_10' title='bbox 414 791 475 849; x_wconf 69' lang='lat' dir='ltr'>est?</span> 
     </span>
    </p>
   </div>
   <div class='ocr_carea' id='block_1_4' title="bbox 471 890 863 1030">
    <p class='ocr_par' dir='ltr' id='par_1_4' title="bbox 471 890 863 1030">
     <span class='ocr_line' id='line_1_4' title="bbox 618 890 863 936; baseline 0 -1"><span class='ocrx_word' id='word_1_11' title='bbox 618 890 863 936; x_wconf 79' lang='lat' dir='ltr'>AMPHITRUO.</span> 
     </span>
     <span class='ocr_line' id='line_1_5' title="bbox 471 971 660 1030; baseline 0 -2"><span class='ocrx_word' id='word_1_12' title='bbox 471 971 567 1029; x_wconf 83' lang='lat' dir='ltr'><strong>delirat</strong></span> <span class='ocrx_word' id='word_1_13' title='bbox 581 991 660 1030; x_wconf 83' lang='lat' dir='ltr'>uxor.</span> 
     </span>
    </p>
   </div>
   <div class='ocr_carea' id='block_1_5' title="bbox 265 1091 981 1323">
    <p class='ocr_par' dir='ltr' id='par_1_5' title="bbox 265 1091 981 1323">
     <span class='ocr_line' id='line_1_6' title="bbox 684 1091 805 1137; baseline 0 -2"><span class='ocrx_word' id='word_1_14' title='bbox 684 1091 805 1137; x_wconf 73' lang='lat' dir='ltr'>sosln.</span> 
     </span>
     <span class='ocr_line' id='line_1_7' title="bbox 659 1173 954 1247; baseline -0.003 -18"><span class='ocrx_word' id='word_1_15' title='bbox 659 1182 715 1230; x_wconf 86' lang='lat' dir='ltr'>atra</span> <span class='ocrx_word' id='word_1_16' title='bbox 727 1173 779 1229; x_wconf 90' lang='lat' dir='ltr'>bili</span> <span class='ocrx_word' id='word_1_17' title='bbox 788 1174 891 1247; x_wconf 88' lang='lat' dir='ltr'>percita</span> <span class='ocrx_word' id='word_1_18' title='bbox 905 1182 954 1239; x_wconf 85' lang='lat' dir='ltr'>cst,</span> 
     </span>
     <span class='ocr_line' id='line_1_8' title="bbox 265 1265 981 1323; baseline -0.001 -2"><span class='ocrx_word' id='word_1_19' title='bbox 265 1265 348 1323; x_wconf 85' lang='lat' dir='ltr'>Nulla</span> <span class='ocrx_word' id='word_1_20' title='bbox 360 1285 403 1322; x_wconf 85' lang='lat' dir='ltr'>res</span> <span class='ocrx_word' id='word_1_21' title='bbox 413 1275 468 1322; x_wconf 86' lang='lat' dir='ltr'>tam</span> <span class='ocrx_word' id='word_1_22' title='bbox 478 1265 619 1323; x_wconf 81' lang='lat' dir='ltr'><strong>delirantis</strong></span> <span class='ocrx_word' id='word_1_23' title='bbox 629 1267 755 1322; x_wconf 88' lang='lat' dir='ltr'>hominos</span> <span class='ocrx_word' id='word_1_24' title='bbox 765 1265 910 1321; x_wconf 85' lang='lat' dir='ltr'>concinnat</span> <span class='ocrx_word' id='word_1_25' title='bbox 919 1266 981 1321; x_wconf 89' lang='lat' dir='ltr'>cito.</span> 
     </span>
    </p>
   </div>
   <div class='ocr_carea' id='block_1_6' title="bbox 267 1402 987 1558">
    <p class='ocr_par' dir='ltr' id='par_1_6' title="bbox 267 1402 987 1558">
     <span class='ocr_line' id='line_1_9' title="bbox 618 1402 916 1450; baseline 0.003 -1"><span class='ocrx_word' id='word_1_26' title='bbox 618 1402 863 1449; x_wconf 79' lang='lat' dir='ltr'><strong>AMPHI&#39;I&#39;RUO.</strong></span> <span class='ocrx_word' id='word_1_27' title='bbox 912 1445 916 1450; x_wconf 88' lang='lat'><em>.</em></span> 
     </span>
     <span class='ocr_line' id='line_1_10' title="bbox 267 1483 987 1558; baseline -0.001 -19"><span class='ocrx_word' id='word_1_28' title='bbox 267 1483 322 1540; x_wconf 89' lang='lat' dir='ltr'>Ubi</span> <span class='ocrx_word' id='word_1_29' title='bbox 335 1484 458 1556; x_wconf 83' lang='lat' dir='ltr'>primum</span> <span class='ocrx_word' id='word_1_30' title='bbox 472 1485 522 1541; x_wconf 90' lang='lat' dir='ltr'>tibi</span> <span class='ocrx_word' id='word_1_31' title='bbox 535 1486 656 1552; x_wconf 77' lang='lat' dir='ltr'>sensisti,</span> <span class='ocrx_word' id='word_1_32' title='bbox 669 1486 778 1553; x_wconf 89' lang='lat' dir='ltr'>mulier,</span> <span class='ocrx_word' id='word_1_33' title='bbox 789 1483 987 1558; x_wconf 83' lang='lat' dir='ltr'>impiicisciar‘?</span> 
     </span>
    </p>
   </div>
   <div class='ocr_carea' id='block_1_7' title="bbox 267 1604 852 1758">
    <p class='ocr_par' dir='ltr' id='par_1_7' title="bbox 267 1604 852 1758">
     <span class='ocr_line' id='line_1_11' title="bbox 631 1604 852 1652; baseline -0.005 -1"><span class='ocrx_word' id='word_1_34' title='bbox 631 1604 852 1652; x_wconf 75' lang='lat' dir='ltr'>ALCUMENA.</span> 
     </span>
     <span class='ocr_line' id='line_1_12' title="bbox 267 1684 798 1758; baseline 0.004 -18"><span class='ocrx_word' id='word_1_35' title='bbox 267 1684 405 1758; x_wconf 78' lang='lat' dir='ltr'>Equidem</span> <span class='ocrx_word' id='word_1_36' title='bbox 415 1694 519 1741; x_wconf 78' lang='lat' dir='ltr'><strong>ecastor</strong></span> <span class='ocrx_word' id='word_1_37' title='bbox 528 1704 592 1742; x_wconf 88' lang='lat' dir='ltr'>sana</span> <span class='ocrx_word' id='word_1_38' title='bbox 603 1695 630 1744; x_wconf 90' lang='lat' dir='ltr'>et</span> <span class='ocrx_word' id='word_1_39' title='bbox 639 1687 714 1744; x_wconf 89' lang='lat' dir='ltr'>salva</span> <span class='ocrx_word' id='word_1_40' title='bbox 724 1706 798 1744; x_wconf 89' lang='lat' dir='ltr'>sum.</span> 
     </span>
    </p>
   </div>
   <div class='ocr_carea' id='block_1_8' title="bbox 269 1805 1317 2498">
    <p class='ocr_par' dir='ltr' id='par_1_8' title="bbox 623 1805 1315 1967">
     <span class='ocr_line' id='line_1_13' title="bbox 623 1805 868 1854; baseline -0.016 0"><span class='ocrx_word' id='word_1_41' title='bbox 623 1805 868 1854; x_wconf 79' lang='lat' dir='ltr'>AMPHITRUO.</span> 
     </span>
     <span class='ocr_line' id='line_1_14' title="bbox 781 1886 1315 1967; baseline 0.002 -22"><span class='ocrx_word' id='word_1_42' title='bbox 781 1907 831 1945; x_wconf 85' lang='lat' dir='ltr'>cur</span> <span class='ocrx_word' id='word_1_43' title='bbox 840 1889 925 1962; x_wconf 79' lang='lat' dir='ltr'>igitur</span> <span class='ocrx_word' id='word_1_44' title='bbox 931 1886 1081 1960; x_wconf 85' lang='lat' dir='ltr'>praedicas,</span> <span class='ocrx_word' id='word_1_45' title='bbox 1254 1889 1315 1967; x_wconf 73' lang='lat' dir='ltr'>[tto]</span> 
     </span>
    </p>

    <p class='ocr_par' dir='ltr' id='par_1_9' title="bbox 269 1979 1317 2331">
     <span class='ocr_line' id='line_1_15' title="bbox 269 1979 1317 2056; baseline 0.005 -22"><span class='ocrx_word' id='word_1_46' title='bbox 269 1980 307 2035; x_wconf 90' lang='lat' dir='ltr'>Te</span> <span class='ocrx_word' id='word_1_47' title='bbox 320 1980 378 2035; x_wconf 87' lang='lat' dir='ltr'>heri</span> <span class='ocrx_word' id='word_1_48' title='bbox 393 1999 437 2036; x_wconf 89' lang='lat' dir='ltr'>me</span> <span class='ocrx_word' id='word_1_49' title='bbox 447 1981 560 2048; x_wconf 88' lang='lat' dir='ltr'>vidisse,</span> <span class='ocrx_word' id='word_1_50' title='bbox 572 1983 621 2056; x_wconf 91' lang='lat' dir='ltr'>qui</span> <span class='ocrx_word' id='word_1_51' title='bbox 635 1982 686 2037; x_wconf 85' lang='lat' dir='ltr'>hac</span> <span class='ocrx_word' id='word_1_52' title='bbox 699 1990 781 2037; x_wconf 88' lang='lat' dir='ltr'>noctu</span> <span class='ocrx_word' id='word_1_53' title='bbox 791 1983 820 2037; x_wconf 91' lang='lat' dir='ltr'>in</span> <span class='ocrx_word' id='word_1_54' title='bbox 833 1990 943 2053; x_wconf 84' lang='lat' dir='ltr'>portum</span> <span class='ocrx_word' id='word_1_55' title='bbox 954 1979 1060 2037; x_wconf 87' lang='lat' dir='ltr'>advecti</span> <span class='ocrx_word' id='word_1_56' title='bbox 1073 1981 1191 2036; x_wconf 81' lang='lat' dir='ltr'>sumus‘?</span> <span class='ocrx_word' id='word_1_57' title='bbox 1269 1986 1317 2039; x_wconf 81' lang='grc'>400</span> 
     </span>
     <span class='ocr_line' id='line_1_16' title="bbox 269 2073 1078 2147; baseline -0.002 -19"><span class='ocrx_word' id='word_1_58' title='bbox 269 2073 311 2129; x_wconf 87' lang='lat' dir='ltr'>Ibi</span> <span class='ocrx_word' id='word_1_59' title='bbox 325 2074 437 2129; x_wconf 78' lang='lat' dir='ltr'>coenavi</span> <span class='ocrx_word' id='word_1_60' title='bbox 447 2081 528 2147; x_wconf 86' lang='lat' dir='ltr'>atque</span> <span class='ocrx_word' id='word_1_61' title='bbox 538 2074 578 2129; x_wconf 85' lang='lat' dir='ltr'>ihi</span> <span class='ocrx_word' id='word_1_62' title='bbox 588 2075 684 2147; x_wconf 87' lang='lat' dir='ltr'>quievi</span> <span class='ocrx_word' id='word_1_63' title='bbox 694 2075 722 2128; x_wconf 91' lang='lat' dir='ltr'>in</span> <span class='ocrx_word' id='word_1_64' title='bbox 736 2074 800 2128; x_wconf 88' lang='lat' dir='ltr'>navi</span> <span class='ocrx_word' id='word_1_65' title='bbox 810 2081 918 2128; x_wconf 89' lang='lat' dir='ltr'>noctem</span> <span class='ocrx_word' id='word_1_66' title='bbox 929 2080 1078 2144; x_wconf 84' lang='lat' dir='ltr'>perpetem,</span> 
     </span>
     <span class='ocr_line' id='line_1_17' title="bbox 269 2163 1224 2238; baseline 0.002 -18"><span class='ocrx_word' id='word_1_67' title='bbox 269 2167 366 2238; x_wconf 89' lang='lat' dir='ltr'>Neque</span> <span class='ocrx_word' id='word_1_68' title='bbox 379 2183 472 2221; x_wconf 89' lang='lat' dir='ltr'>meum</span> <span class='ocrx_word' id='word_1_69' title='bbox 482 2166 580 2238; x_wconf 90' lang='lat' dir='ltr'>pedem</span> <span class='ocrx_word' id='word_1_70' title='bbox 592 2166 648 2221; x_wconf 91' lang='lat' dir='ltr'>huc</span> <span class='ocrx_word' id='word_1_71' title='bbox 657 2164 739 2221; x_wconf 88' lang='lat' dir='ltr'>intuli</span> <span class='ocrx_word' id='word_1_72' title='bbox 750 2165 831 2220; x_wconf 90' lang='lat' dir='ltr'>etiam</span> <span class='ocrx_word' id='word_1_73' title='bbox 845 2165 874 2219; x_wconf 90' lang='lat' dir='ltr'>in</span> <span class='ocrx_word' id='word_1_74' title='bbox 885 2163 969 2229; x_wconf 84' lang='lat' dir='ltr'>aedis,</span> <span class='ocrx_word' id='word_1_75' title='bbox 985 2172 1016 2218; x_wconf 92' lang='lat' dir='ltr'>ut</span> <span class='ocrx_word' id='word_1_76' title='bbox 1028 2181 1093 2218; x_wconf 89' lang='lat' dir='ltr'>cum</span> <span class='ocrx_word' id='word_1_77' title='bbox 1103 2167 1224 2222; x_wconf 82' lang='lat' dir='ltr'>exercitu</span> 
     </span>
     <span class='ocr_line' id='line_1_18' title="bbox 269 2256 1147 2331; baseline -0.001 -19"><span class='ocrx_word' id='word_1_78' title='bbox 269 2259 339 2313; x_wconf 89' lang='lat' dir='ltr'>Hinc</span> <span class='ocrx_word' id='word_1_79' title='bbox 351 2256 563 2331; x_wconf 75' lang='lat' dir='ltr'>profectuosum</span> <span class='ocrx_word' id='word_1_80' title='bbox 577 2259 611 2313; x_wconf 87' lang='lat' dir='ltr'>ad</span> <span class='ocrx_word' id='word_1_81' title='bbox 622 2257 752 2313; x_wconf 84' lang='lat' dir='ltr'>Teleboas</span> <span class='ocrx_word' id='word_1_82' title='bbox 762 2257 849 2312; x_wconf 88' lang='lat' dir='ltr'>hostis</span> <span class='ocrx_word' id='word_1_83' title='bbox 863 2273 965 2328; x_wconf 85' lang='lat' dir='ltr'>eosque</span> <span class='ocrx_word' id='word_1_84' title='bbox 978 2264 1009 2311; x_wconf 92' lang='lat' dir='ltr'>ut</span> <span class='ocrx_word' id='word_1_85' title='bbox 1019 2257 1147 2311; x_wconf 90' lang='lat' dir='ltr'>vicimus.</span> 
     </span>
    </p>

    <p class='ocr_par' dir='ltr' id='par_1_10' title="bbox 269 2356 906 2498">
     <span class='ocr_line' id='line_1_19' title="bbox 637 2356 859 2404; baseline -0.009 0"><span class='ocrx_word' id='word_1_86' title='bbox 637 2356 859 2404; x_wconf 78' lang='lat' dir='ltr'><strong>ALCUMENA.</strong></span> 
     </span>
     <span class='ocr_line' id='line_1_20' title="bbox 269 2441 906 2498; baseline -0.003 -1"><span class='ocrx_word' id='word_1_87' title='bbox 269 2443 328 2497; x_wconf 88' lang='lat' dir='ltr'>Imo</span> <span class='ocrx_word' id='word_1_88' title='bbox 338 2459 447 2498; x_wconf 89' lang='lat' dir='ltr'>mecum</span> <span class='ocrx_word' id='word_1_89' title='bbox 458 2443 607 2498; x_wconf 89' lang='lat' dir='ltr'>coenavisti</span> <span class='ocrx_word' id='word_1_90' title='bbox 617 2450 643 2498; x_wconf 90' lang='lat' dir='ltr'>ct</span> <span class='ocrx_word' id='word_1_91' title='bbox 653 2459 762 2498; x_wconf 90' lang='lat' dir='ltr'>mecum</span> <span class='ocrx_word' id='word_1_92' title='bbox 776 2441 906 2496; x_wconf 82' lang='lat' dir='ltr'>cubuisti.</span> 
     </span>
    </p>
   </div>
   <div class='ocr_carea' id='block_1_9' title="bbox 623 2560 1212 2716">
    <p class='ocr_par' dir='ltr' id='par_1_11' title="bbox 623 2560 1212 2716">
     <span class='ocr_line' id='line_1_21' title="bbox 623 2560 867 2606; baseline -0.004 0"><span class='ocrx_word' id='word_1_93' title='bbox 623 2560 867 2606; x_wconf 79' lang='lat' dir='ltr'><strong>AMPHI&#39;I&#39;RUO.</strong></span> 
     </span>
     <span class='ocr_line' id='line_1_22' title="bbox 680 2642 1212 2716; baseline -0.004 -23"><span class='ocrx_word' id='word_1_94' title='bbox 680 2643 750 2716; x_wconf 85' lang='lat' dir='ltr'>quid</span> <span class='ocrx_word' id='word_1_95' title='bbox 763 2643 792 2699; x_wconf 84' lang='lat' dir='ltr'>id</span> <span class='ocrx_word' id='word_1_96' title='bbox 803 2642 863 2699; x_wconf 70' lang='lat' dir='ltr'>est?</span> <span class='ocrx_word' id='word_1_97' title='bbox 912 2647 1016 2700; x_wconf 80' lang='lat' dir='ltr'>(tetrum.</span> <span class='ocrx_word' id='word_1_98' title='bbox 1026 2645 1098 2690; x_wconf 77' lang='lat' dir='ltr'>trocd.</span> <span class='ocrx_word' id='word_1_99' title='bbox 1109 2650 1212 2703; x_wconf 78' lang='lat' dir='ltr'>acatal.)</span> 
     </span>
    </p>
   </div>
   <div class='ocr_carea' id='block_1_10' title="bbox 271 2762 857 2903">
    <p class='ocr_par' dir='ltr' id='par_1_12' title="bbox 271 2762 857 2903">
     <span class='ocr_line' id='line_1_23' title="bbox 637 2762 857 2808; baseline 0 0"><span class='ocrx_word' id='word_1_100' title='bbox 637 2762 857 2808; x_wconf 79' lang='lat' dir='ltr'>ALCUMENA.</span> 
     </span>
     <span class='ocr_line' id='line_1_24' title="bbox 271 2846 422 2903; baseline -0.02 0"><span class='ocrx_word' id='word_1_101' title='bbox 271 2848 338 2903; x_wconf 85' lang='lat' dir='ltr'>Vera</span> <span class='ocrx_word' id='word_1_102' title='bbox 351 2846 422 2902; x_wconf 91' lang='lat' dir='ltr'>dico.</span> 
     </span>
    </p>
   </div>
   <div class='ocr_carea' id='block_1_11' title="bbox 627 2962 870 3010">
    <p class='ocr_par' dir='ltr' id='par_1_13' title="bbox 627 2962 870 3010">
     <span class='ocr_line' id='line_1_25' title="bbox 627 2962 870 3010; baseline 0.004 -2"><span class='ocrx_word' id='word_1_103' title='bbox 627 2962 870 3010; x_wconf 79' lang='lat' dir='ltr'><strong>AMPHI&#39;I&#39;RUO.</strong></span> 
     </span>
    </p>
   </div>
   <div class='ocr_carea' id='block_1_12' title="bbox 430 3044 1319 3196">
    <p class='ocr_par' dir='ltr' id='par_1_14' title="bbox 430 3044 1319 3196">
     <span class='ocr_line' id='line_1_26' title="bbox 430 3044 1319 3117; baseline 0.007 -17"><span class='ocrx_word' id='word_1_104' title='bbox 430 3063 482 3101; x_wconf 93' lang='lat' dir='ltr'>non</span> <span class='ocrx_word' id='word_1_105' title='bbox 493 3044 607 3117; x_wconf 91' lang='lat' dir='ltr'>quidem</span> <span class='ocrx_word' id='word_1_106' title='bbox 625 3044 716 3101; x_wconf 89' lang='lat' dir='ltr'>hercle</span> <span class='ocrx_word' id='word_1_107' title='bbox 730 3045 765 3101; x_wconf 91' lang='lat' dir='ltr'>de</span> <span class='ocrx_word' id='word_1_108' title='bbox 777 3045 829 3102; x_wconf 88' lang='lat' dir='ltr'>hac</span> <span class='ocrx_word' id='word_1_109' title='bbox 839 3064 877 3112; x_wconf 86' lang='lat' dir='ltr'>re,</span> <span class='ocrx_word' id='word_1_110' title='bbox 891 3047 925 3102; x_wconf 89' lang='lat' dir='ltr'>de</span> <span class='ocrx_word' id='word_1_111' title='bbox 935 3046 997 3103; x_wconf 88' lang='lat' dir='ltr'>aliis</span> <span class='ocrx_word' id='word_1_112' title='bbox 1010 3048 1113 3104; x_wconf 87' lang='lat' dir='ltr'>nescio.</span> <span class='ocrx_word' id='word_1_113' title='bbox 1124 3053 1229 3106; x_wconf 75' lang='lat' dir='ltr'>(tetram,</span> <span class='ocrx_word' id='word_1_114' title='bbox 1271 3053 1319 3107; x_wconf 72' lang='lat'>⁴05</span> 
     </span>
     <span class='ocr_line' id='line_1_27' title="bbox 962 3141 1131 3196; baseline 0.024 -13"><span class='ocrx_word' id='word_1_115' title='bbox 962 3141 1035 3184; x_wconf 65' lang='lat' dir='ltr'>noch.</span> <span class='ocrx_word' id='word_1_116' title='bbox 1047 3143 1131 3196; x_wconf 61' lang='lat' dir='ltr'>centul.)</span> 
     </span>
    </p>
   </div>
   <div class='ocr_carea' id='block_1_13' title="bbox 272 3254 859 3412">
    <p class='ocr_par' dir='ltr' id='par_1_15' title="bbox 272 3254 859 3412">
     <span class='ocr_line' id='line_1_28' title="bbox 640 3254 859 3301; baseline -0.005 0"><span class='ocrx_word' id='word_1_117' title='bbox 640 3254 859 3301; x_wconf 76' lang='lat' dir='ltr'><strong>ALCUMENA.</strong></span> 
     </span>
     <span class='ocr_line' id='line_1_29' title="bbox 272 3337 818 3412; baseline -0.005 -17"><span class='ocrx_word' id='word_1_118' title='bbox 272 3338 395 3395; x_wconf 85' lang='lat' dir='ltr'>Primulo</span> <span class='ocrx_word' id='word_1_119' title='bbox 405 3337 529 3394; x_wconf 89' lang='lat' dir='ltr'>diluculo</span> <span class='ocrx_word' id='word_1_120' title='bbox 539 3337 630 3394; x_wconf 86' lang='lat' dir='ltr'>abiisti</span> <span class='ocrx_word' id='word_1_121' title='bbox 642 3337 677 3393; x_wconf 89' lang='lat' dir='ltr'>ad</span> <span class='ocrx_word' id='word_1_122' title='bbox 688 3337 818 3412; x_wconf 81' lang='lat' dir='ltr'>legiones.</span> 
     </span>
    </p>
   </div>
   <div class='ocr_carea' id='block_1_14' title="bbox 627 3456 971 3613">
    <p class='ocr_par' dir='ltr' id='par_1_16' title="bbox 627 3456 971 3613">
     <span class='ocr_line' id='line_1_30' title="bbox 627 3456 868 3503; baseline 0 -1"><span class='ocrx_word' id='word_1_123' title='bbox 627 3456 868 3503; x_wconf 79' lang='lat' dir='ltr'>AMPHITRUO.</span> 
     </span>
     <span class='ocr_line' id='line_1_31' title="bbox 813 3541 971 3613; baseline -0.019 -16"><span class='ocrx_word' id='word_1_124' title='bbox 813 3541 971 3613; x_wconf 76' lang='lat' dir='ltr'>quomodo?</span> 
     </span>
    </p>
   </div>
   <div class='ocr_carea' id='block_1_15' title="bbox 274 3658 1321 4002">
    <p class='ocr_par' dir='ltr' id='par_1_17' title="bbox 274 3658 1321 4002">
     <span class='ocr_line' id='line_1_32' title="bbox 691 3658 811 3706; baseline 0.025 -3"><span class='ocrx_word' id='word_1_125' title='bbox 691 3658 811 3706; x_wconf 68' lang='lat' dir='ltr'>sosla.</span> 
     </span>
     <span class='ocr_line' id='line_1_33' title="bbox 274 3741 1015 3808; baseline -0.003 -10"><span class='ocrx_word' id='word_1_126' title='bbox 274 3744 356 3799; x_wconf 85' lang='lat' dir='ltr'>Recte</span> <span class='ocrx_word' id='word_1_127' title='bbox 368 3741 445 3808; x_wconf 86' lang='lat' dir='ltr'>dicit,</span> <span class='ocrx_word' id='word_1_128' title='bbox 458 3749 489 3797; x_wconf 91' lang='lat' dir='ltr'>ut</span> <span class='ocrx_word' id='word_1_129' title='bbox 498 3743 694 3808; x_wconf 88' lang='lat' dir='ltr'>commeminit,</span> <span class='ocrx_word' id='word_1_130' title='bbox 706 3745 846 3799; x_wconf 91' lang='lat' dir='ltr'>somnium</span> <span class='ocrx_word' id='word_1_131' title='bbox 857 3751 947 3797; x_wconf 82' lang='lat' dir='ltr'>narrat</span> <span class='ocrx_word' id='word_1_132' title='bbox 956 3741 1015 3797; x_wconf 90' lang='lat' dir='ltr'>tibi.</span> 
     </span>
     <span class='ocr_line' id='line_1_34' title="bbox 274 3832 1064 3908; baseline -0.003 -18"><span class='ocrx_word' id='word_1_133' title='bbox 274 3833 337 3900; x_wconf 89' lang='lat' dir='ltr'>Sed,</span> <span class='ocrx_word' id='word_1_134' title='bbox 349 3833 458 3899; x_wconf 85' lang='lat' dir='ltr'>mulier,</span> <span class='ocrx_word' id='word_1_135' title='bbox 470 3841 616 3906; x_wconf 90' lang='lat' dir='ltr'>postquam</span> <span class='ocrx_word' id='word_1_136' title='bbox 630 3845 785 3906; x_wconf 80' lang='lat' dir='ltr'>experrecta</span> <span class='ocrx_word' id='word_1_137' title='bbox 798 3851 837 3900; x_wconf 87' lang='lat' dir='ltr'>es,</span> <span class='ocrx_word' id='word_1_138' title='bbox 850 3832 997 3908; x_wconf 82' lang='lat' dir='ltr'>prodigiali</span> <span class='ocrx_word' id='word_1_139' title='bbox 1007 3835 1064 3890; x_wconf 89' lang='lat' dir='ltr'>lovi</span> 
     </span>
     <span class='ocr_line' id='line_1_35' title="bbox 274 3922 1321 4002; baseline 0.001 -21"><span class='ocrx_word' id='word_1_140' title='bbox 274 3927 329 3983; x_wconf 80' lang='lat' dir='ltr'>Aut</span> <span class='ocrx_word' id='word_1_141' title='bbox 338 3925 410 3982; x_wconf 86' lang='lat' dir='ltr'>mola</span> <span class='ocrx_word' id='word_1_142' title='bbox 418 3925 489 3981; x_wconf 89' lang='lat' dir='ltr'>salsa</span> <span class='ocrx_word' id='word_1_143' title='bbox 499 3925 590 3992; x_wconf 92' lang='lat' dir='ltr'>hodie,</span> <span class='ocrx_word' id='word_1_144' title='bbox 606 3934 654 3981; x_wconf 88' lang='lat' dir='ltr'>aut</span> <span class='ocrx_word' id='word_1_145' title='bbox 664 3934 723 3982; x_wconf 84' lang='lat' dir='ltr'>ture</span> <span class='ocrx_word' id='word_1_146' title='bbox 733 3934 932 3999; x_wconf 84' lang='lat' dir='ltr'>comprecatam</span> <span class='ocrx_word' id='word_1_147' title='bbox 944 3926 1073 3997; x_wconf 88' lang='lat' dir='ltr'>oportuit.</span> <span class='ocrx_word' id='word_1_148' title='bbox 1258 3922 1321 4002; x_wconf 68' lang='lat' dir='ltr'>[att]</span> 
     </span>
    </p>
   </div>
   <div class='ocr_carea' id='block_1_16' title="bbox 0 0 1728 4784">
    <p class='ocr_par' dir='ltr' id='par_1_18' title="bbox 0 0 1728 4784">
     <span class='ocr_line' id='line_1_36' title="bbox 0 0 1728 4784; baseline 0 0"><span class='ocrx_word' id='word_1_149' title='bbox 0 0 1728 4784; x_wconf 95' lang='lat' dir='ltr'> </span> 
     </span>
    </p>
   </div>
  </div>
 </body>
</html>
