3409 4784
762 597 1122 655 AMPHITRUO.

885 752 1004 798 SOSIA.

374 840 407 893 30
555 838 623 891 Nam
637 853 687 890 cur
700 837 770 890 istuc
780 836 870 892 dicis?
892 836 1020 910 equidem
1033 835 1108 890 valeo
1120 843 1145 888 et
1158 833 1247 889 salvos
1261 854 1324 891 sum
1339 845 1426 908 recte,-

469 930 642 1002 Amphitruo.
1389 945 1391 949 ’

823 1031 1067 1078 AMPHITRUO.

639 1114 674 1168 At
683 1117 733 1188 ego
747 1113 844 1168 faciam
859 1115 949 1180 hodie,
962 1117 1077 1187 proinde
1090 1135 1122 1172 ac
1133 1119 1246 1172 meritus
1257 1133 1295 1179 es,

469 1209 504 1263 Ut
516 1209 609 1262 minus
620 1207 711 1263 valeas
724 1217 750 1262 et
760 1209 844 1262 miser
853 1209 942 1273 uisis,
955 1208 1046 1264 salvos
1059 1211 1083 1264 si
1094 1211 1208 1266 rediero.

468 1301 587 1373 Sequere
597 1301 644 1366 sie,
657 1301 706 1372 qui
718 1301 815 1354 herum
830 1300 955 1357 ludificas
968 1301 1049 1356 dlctis
1062 1302 1252 1365 delirantibus,

468 1395 521 1462 Qui
532 1395 663 1466 quoniam
677 1394 760 1447 herus
769 1393 844 1465 quod
855 1394 1009 1466 imperavit,
1023 1395 1168 1468 neglexisti
1182 1394 1321 1468 persequi,

375 1492 408 1544 35
465 1490 545 1543 Nunc
558 1487 636 1541 venis
650 1487 731 1540 etiam
741 1485 812 1540 ultro
823 1486 936 1540 irrisum
947 1486 1105 1556 dominum3
1128 1507 1198 1561 quae
1211 1504 1300 1560 neque
1314 1485 1372 1539 fieri

468 1582 586 1636 Possunt
613 1595 702 1652 neque
727 1577 808 1633 tando
833 1596 955 1651 unquam
988 1581 1093 1652 accepit
1116 1583 1278 1655 quisquam,
1305 1577 1421 1651 profers,

962 1671 1102 1728 carnufex.
1191 1704 1195 1712 κ

468 1765 574 1833 Quoius
584 1781 634 1838 ego
645 1763 726 1818 hodie
737 1765 765 1818 in
777 1772 851 1837 tergo
863 1763 925 1819 faxo
936 1765 987 1820 ista
1001 1775 1128 1837 expetant
1141 1768 1292 1822 mendacia.

879 1885 1001 1930 SOSIA.

468 1969 642 2041 Amphitruo,
658 1968 811 2023 miserrima
822 1968 925 2023 isthaec
936 1970 1046 2024 miseria
1056 1975 1097 2024 est
1109 1984 1188 2022 servo
1201 1967 1282 2034 bono,

374 2061 435 2141 [tto]
465 2062 546 2135 Apud
560 2061 658 2116 herum
669 2061 717 2132 qui
731 2077 794 2115 vera
809 2060 939 2134 loquitur,
955 2063 979 2116 si
990 2061 1019 2116 id
1032 2063 1060 2118 vi
1072 2078 1167 2117 verum
1182 2061 1311 2116 vincitur.

824 2181 1030 2228 AMPHITRU
1036 2183 1066 2227 0.

374 2271 406 2327 io
464 2267 524 2335 Quo
533 2265 572 2331 id,
585 2263 698 2330 malum,
710 2273 790 2337 pacto
803 2273 884 2336 putes
898 2282 970 2330 nam,
984 2282 1092 2320 mecum
1107 2266 1275 2338 argumentis
1298 2273 1374 2336 pute,

468 2360 549 2423 Fieri,
565 2375 639 2413 nunc
649 2357 695 2412 hic
705 2366 736 2412 ut
748 2365 778 2412 tu
789 2359 828 2410 sis
842 2366 869 2411 et
878 2357 962 2422 domi,
979 2358 1006 2412 id
1020 2357 1076 2411 dici
1090 2355 1161 2412 volo.

885 2476 1007 2520 sosIA.

467 2562 534 2617 Sum
548 2559 704 2633 proiectoet
716 2558 800 2613 hicet
813 2559 885 2627 illio,
906 2559 957 2614 hoc
971 2559 1060 2613 cuivis
1074 2560 1167 2615 mirari
1182 2558 1252 2614 licet.

467 2657 563 2727 Neque
586 2651 636 2708 tibi
656 2653 728 2706 istuc
741 2652 844 2706 mirum
863 2651 951 2725 magis
963 2651 1071 2706 videtur
1080 2669 1163 2723 quam
1178 2654 1226 2717 mi,
1243 2652 1418 2725 Amphitruo.

822 2769 1064 2816 AMPHITRUO.

467 2858 527 2925 Quo
541 2855 639 2912 modo‘?

883 2957 1003 3002 sosIA.

637 3039 732 3106 nihilo,
748 3041 872 3111 inquam,
887 3038 988 3093 mirum
1000 3040 1088 3114 magis
1099 3040 1148 3095 tibi
1160 3042 1231 3095 istuc
1242 3058 1325 3112 quam
1336 3040 1417 3096 mihi.

373 3142 406 3194 te
463 3138 566 3208 Neque,
582 3135 619 3189 ita
632 3151 676 3188 me
686 3133 715 3187 di
728 3139 828 3197 ament,
845 3130 989 3187 credebam
1003 3134 1093 3205 primo
1103 3133 1230 3188 mihimet
1239 3132 1339 3197 Sosiae,

464 3230 554 3284 Donec
564 3225 649 3292 Sosia,
662 3224 709 3280 iile
719 3233 835 3299 egomet,
849 3223 912 3279 fecit
925 3224 979 3279 sibi
991 3224 1030 3280 uti
1044 3225 1191 3280 crederem.

464 3320 568 3377 Ordine
577 3336 658 3374 omne
667 3319 708 3374 uti
721 3319 841 3390 quicque
851 3326 943 3372 actum
954 3327 1003 3382 est,
1016 3318 1083 3372 dum
1095 3319 1168 3390 apud
1180 3318 1271 3372 hostes
1282 3317 1416 3385 sedimus,

464 3413 652 3477 Edissertavit,
665 3421 724 3466 tum
737 3410 852 3465 formam
866 3426 920 3465 une
934 3410 1047 3466 abstulit
1059 3428 1123 3465 cum
1135 3412 1254 3475 nomine,

371 3507 432 3587 [too]
460 3510 555 3579 Neque
569 3505 610 3559 lac
629 3503 689 3559 lacti
707 3505 795 3583 magis
810 3514 851 3558 est
861 3505 952 3559 simile
968 3522 1051 3577 quam
1068 3502 1113 3558 ilie
1124 3519 1174 3576 ego
1188 3503 1288 3557 similis
1299 3512 1340 3558 est
1350 3506 1416 3559 mei.

369 3605 403 3658 50
461 3602 529 3655 Nam
541 3606 571 3652 ut
582 3597 689 3652 dudum
701 3606 761 3652 ante
772 3597 861 3652 lucem
873 3615 887 3652 a
900 3607 980 3670 portu
995 3614 1038 3652 me
1052 3596 1217 3668 praemisisti
1229 3596 1343 3650 domum
1357 3627 1396 3639 —

816 3716 1061 3762 AMPHITRUO.

464 3800 537 3870 Quid
548 3798 651 3874 igitur?

879 3907 999 3949 SOSM.

625 3990 704 4061 prius
714 3988 801 4044 multo
811 3997 873 4042 ante
883 3989 958 4044 aedis
969 3987 1074 4043 stabam
1087 4005 1171 4060 quam
1185 3985 1232 4042 illo
1242 3986 1417 4046 adveneram.
