3409 4784
364 606 399 646 vt
721 604 962 647 scabrium.

364 747 474 813 propter
495 738 595 810 scripsi
617 738 698 793 modo
715 743 856 804 nunciare,
878 739 959 794 modo
974 744 1112 804 nuntiare,
1140 739 1221 796 modo
1238 744 1324 804 voltis,

364 850 446 906 modo
458 853 551 914 vultis,
569 848 652 904 modo
668 854 705 914 ei,
721 849 803 904 modo
814 853 866 915 laet,
886 849 1041 919 modo-pro,
1057 850 1139 905 modo
1149 854 1230 919 proh,
1245 850 1327 906 modo

363 964 483 1031 officere,
511 958 593 1014 modo
612 964 725 1029 adficere
743 967 770 1014 et
791 977 863 1032 quae
884 969 951 1015 sunt
973 959 1058 1014 huius
1081 961 1190 1033 generis
1212 959 1324 1024 similia,

363 1072 401 1126 ita
422 1077 454 1124 u't
474 1086 556 1141 saepe
573 1070 603 1124 iu
621 1070 748 1125 versibus
770 1069 920 1125 admodum
938 1072 1008 1125 inter
1029 1088 1059 1124 se
1075 1071 1239 1142 propinquis
1257 1071 1327 1124 'scri-

364 1179 447 1235 bendi
472 1180 541 1234 ratio
562 1180 696 1244 varietur,
720 1197 774 1234 non
797 1181 872 1253 quod
899 1179 1025 1235 Plautum
1052 1182 1144 1252 ipsum
1166 1179 1247 1235 modo
1274 1181 1324 1245 sie,

363 1290 445 1346 modo
461 1289 539 1344 aliter
557 1291 703 1361 scripsisse
725 1300 833 1361 putem,
858 1291 907 1345 sed
928 1291 1003 1363 quod
1025 1298 1087 1344 autc
1103 1292 1195 1344 omnia
1216 1307 1326 1344 summa

363 1400 416 1455 fida
438 1399 628 1472 diplomatica,
652 1417 723 1472 quae
745 1401 860 1465 dicitur,
881 1400 990 1474 singula
1008 1416 1134 1472 quaeque
1152 1402 1179 1454 in
1195 1400 1326 1454 omnibus

362 1509 451 1565 Plauti
473 1510 622 1566 comoediis
645 1510 811 1565 restituenda
833 1528 894 1565 esse
916 1511 1056 1575 existimo,
1081 1514 1244 1581 anteaquam
1266 1516 1326 1565 tuto

361 1620 481 1675 discerni
494 1621 589 1692 possit,
610 1619 748 1691 quomodo
761 1620 980 1693 unumquodque
994 1619 1159 1676 vocabulum
1172 1627 1326 1674 constanter

361 1731 512 1802 scripserit.
552 1731 582 1784 ln
609 1728 749 1784 nonnuliis
772 1738 862 1785 tamen
881 1731 1024 1786 codicibus
1048 1730 1153 1785 nullam
1177 1729 1258 1783 iidem
1275 1728 1324 1785 ha-

362 1839 480 1905 bendam
500 1855 561 1919 csse
582 1840 691 1911 putavi,
712 1841 752 1893 sic
771 1848 863 1894 utrum
887 1841 1064 1895 scribendum
1083 1842 1119 1895 sit
1137 1844 1201 1894 miti
1223 1856 1257 1892 an
1276 1846 1320 1905 mi,

362 1949 462 2022 pendet
488 1967 523 2004 ax
550 1951 772 2024 uniuscuiusque
799 1967 895 2005 versus
922 1968 1063 2020 mensura3
1096 1950 1145 2005 ubi
1170 1949 1250 2004 codd.
1273 1954 1322 2013 dii,

360 2065 414 2133 dtis
431 2059 576 2125 exhibent,
604 2077 712 2133 semper
738 2061 847 2132 reposui
870 2065 911 2124 di,
937 2066 979 2116 dis
1004 2069 1122 2134 atquae
1148 2067 1214 2114 sunt
1239 2060 1324 2114 buius

360 2170 469 2245 generis
494 2170 609 2243 reliqua.
796 2145 799 2151 ’

437 2320 652 2377 Adnotatiouum
674 2323 794 2377 maxima
813 2339 878 2396 pars
893 2330 996 2394 spectat
1018 2322 1052 2376 ad
1075 2323 1211 2387 criticam,
1233 2323 1323 2377 minor

361 2432 397 2487 ad
419 2430 629 2502 explicationem
652 2432 807 2487 verborum.
849 2434 879 2486 ln
907 2448 962 2503 qua
988 2433 1075 2486 reita
1100 2440 1224 2486 versatus
1247 2446 1320 2498 sum,

362 2550 393 2598 ut
414 2541 450 2595 ad
471 2540 596 2614 singulos
618 2557 714 2596 versus
736 2541 859 2596 afferrem
881 2541 960 2613 prius
976 2542 1119 2613 potissima
1139 2557 1233 2596 corum
1253 2560 1324 2614 quae

362 2636 462 2706 Parcus
485 2652 514 2704 iu
536 2650 580 2704 ed.
604 2651 730 2722 secunda,
750 2651 974 2706 deiectionibus
996 2651 1077 2707 codd.
1097 2651 1162 2705 Paii.
1184 2653 1323 2707 ettirute-

361 2778 423 2826 rus,
443 2762 524 2815 cuius
546 2760 765 2816 adnotationibus
782 2762 862 2833 quasi
880 2778 930 2832 pro
949 2761 1140 2833 supplemento
1153 2760 1229 2817 Parei
1244 2764 1323 2818 nobis

361 2871 495 2925 utendum
524 2880 578 2936 est,
610 2872 741 2943 quoniam
773 2870 847 2926 baud
876 2888 935 2925 raro
961 2873 1073 2926 rectiora
1105 2881 1131 2926 et
1157 2875 1323 2928 accuratiora

361 2998 445 3054 quam
464 2981 564 3036 Parcus
586 2981 674 3047 affort,
699 2981 915 3046 adnotavissent,
946 2990 975 3036 ut
996 2981 1141 3036 lectoribus
1159 2982 1324 3038 fundamen-

362 3098 420 3146 tum
455 3099 522 3146 anta-
544 3091 639 3146 oculos
665 3099 824 3163 poneretur,
859 3108 916 3163 quo
952 3093 1032 3146 nisus
1064 3093 1148 3146 verba
1181 3094 1322 3164 scriptoris

361 3201 527 3256 constituere
548 3209 661 3256 conatus
685 3218 749 3256 sum
771 3209 799 3256 et
816 3209 847 3256 ut
869 3203 984 3274 vestigia
1007 3202 1088 3273 quasi
1107 3204 1235 3274 persequi
1258 3221 1323 3274 pos-

361 3320 422 3366 sent
434 3309 538 3384 quibus
551 3313 695 3385 ingressus
706 3328 769 3366 sum
782 3312 811 3365 in
822 3310 990 3366 emendanda
1004 3311 1055 3365 hac
1069 3310 1170 3366 fabula.
1212 3311 1324 3370 Accedit

361 3420 436 3493 quod
458 3421 543 3476 editio
564 3422 684 3476 secunda
712 3423 786 3475 Parci
807 3431 847 3476 est
866 3423 937 3476 inter
962 3421 1045 3475 libros
1065 3423 1233 3488 rarissimos,
1254 3439 1323 3495 qna-

362 3540 472 3604 propter
498 3532 603 3585 nemini
636 3531 766 3587 lectorum
789 3533 928 3605 ingratum
948 3530 990 3584 vei
1015 3547 1248 3602 supervacaneum
1272 3535 1322 3588 aii-

361 3641 431 3714 quid
441 3658 490 3705 ,ma
504 3641 601 3696 iecisse
611 3642 735 3696 arbitror.
757 3643 805 3695 iiis
815 3642 909 3696 addidi
921 3643 1050 3714 deinceps
1064 3643 1234 3714 potissimam
1247 3643 1322 3698 iecti-

361 3766 446 3806 onum
457 3753 612 3806 varietatem
627 3752 798 3825 singularum
815 3753 901 3807 Plauti
920 3753 1082 3817 editionum,
1100 3755 1323 3808 maximcrecen-

361 3861 475 3926 tiorum,
493 3877 583 3934 noque
595 3871 684 3917 mman
698 3879 757 3917 eam
777 3864 919 3935 integram,
932 3878 987 3934 quo
997 3863 1111 3916 minime
1120 3876 1191 3934 opus
1202 3879 1262 3917 esse
1271 3880 1324 3935 pu-

362 3970 431 4035 tavi,
446 3980 583 4044 praeterea
602 3990 674 4046 «puae
688 3975 748 4045 ipsc
758 3971 893 4030 intrabam
907 3987 978 4045 quae
989 3971 1108 4028 dicarem
1123 3975 1271 4044 spectantia
1289 3975 1323 4028 ad
