3409 4784
609 515 1100 617 couurursrru's
1287 564 1337 617 ms

435 711 466 754 V.
485 709 526 753 31.
562 709 592 753 V.
613 708 651 767 G.,
670 705 888 766 Pali.,1.inuem.,
904 706 1020 764 Ksmpm.
1037 707 1106 753 dein
1122 720 1210 765 praep.
1222 721 1246 765 p.
1258 708 1298 752 21.
1308 709 1336 753 in

370 799 451 853 tergo,
463 807 511 852 pro
523 805 573 850 quo
586 792 725 839 Lambinus
733 793 759 838 et
771 790 902 839 Aridelius
913 791 1072 849 seripserunt
1081 793 1108 838 ir
1118 798 1226 852 tergum.

437 881 465 924 V.
485 879 524 924 ³9.
560 879 610 923 Pro
622 890 687 923 vera
698 878 729 923 V.
742 878 779 936 0.,
790 876 864 935 Pali,
877 877 916 923 ed.
927 876 1008 935 princ.
1018 877 1108 923 verta.

437 964 465 1008 V.
484 965 525 1010 39.
560 964 595 1010 vs‘.
628 963 667 1008 lto
685 963 716 1008 V.
728 964 756 1008 0.
767 965 793 1008 et
803 975 819 1007 u
828 975 906 1007 manu
918 963 1042 1007 extraneo
1053 975 1100 1021 pn,
1111 975 1127 1007 u
1137 975 1187 1018 quo
1199 961 1277 1008 initio
1287 964 1334 1010 sb-

369 1047 454 1093 iuemt
472 1062 495 1095 v.
509 1050 543 1095 vi.
555 1060 617 1106 seo,
628 1049 686 1092 tert.
696 1048 751 1094 st‘s’e
761 1049 788 1092 in
798 1060 889 1092 verum
902 1045 956 1092 viu
965 1045 1044 1092 tertio
1063 1059 1141 1105 supro
1151 1046 1196 1093 liu.
1210 1046 1335 1105 scriptun

368 1135 408 1179 est
421 1126 523 1180 contro.
539 1134 632 1192 quart,
643 1135 710 1178 sext.
722 1133 748 1179 ss·
755 1133 777 1178 ie
787 1132 814 1176 in
824 1143 895 1177 vero.
952 1175 955 1178 .

436 1218 467 1261 V.
485 1217 526 1262 49.
562 1218 592 1261 V.
604 1218 642 1272 0.,
657 1215 731 1274 Pau.
747 1216 787 1262 ed.
799 1215 882 1274 prino.
890 1222 977 1275 putes,
988 1216 1015 1261 iu
1027 1216 1058 1261 V.
1070 1218 1097 1260 0.
1108 1218 1194 1261 tumen
1203 1218 1235 1263 ob
1245 1217 1333 1262 eedem

367 1314 443 1347 mauu
462 1304 586 1347 mutatum
604 1303 643 1347 est
660 1300 686 1346 in
701 1307 789 1359 putee.
825 1301 925 1348 Deinde
936 1307 1006 1360 puta
1023 1302 1053 1345 V.
1063 1300 1089 1345 0.
1101 1302 1127 1346 et
1135 1300 1250 1360 Nonium
1269 1301 1333 1348 Puli.

366 1399 417 1431 sec.
429 1388 455 1432 et
464 1386 545 1443 quint.
553 1392 645 1444 putus.

435 1472 466 1516 V.
485 1473 526 1517 41.
563 1471 640 1532 Vulg.
658 1467 754 1518 Fieri!
771 1485 838 1526 nune
849 1472 891 1517 uti
899 1478 927 1517 tu
935 1471 978 1518 laic
990 1472 1026 1517 sis
1038 1471 1109 1528 cett„
1120 1469 1164 1514 sed
1178 1470 1206 1514 V.
1218 1471 1246 1514 0.
1257 1469 1333 1518 usses

365 1561 403 1601 ut.
416 1555 531 1604 Lindum.
543 1570 594 1603 sec.
607 1556 646 1603 ed.
658 1555 739 1614 prino.
765 1555 847 1615 Pieri,
859 1570 926 1603 runo
935 1554 1109 1602 astutioris.
1145 1554 1259 1605 Maxime
1269 1568 1331 1612 pro-

366 1640 485 1688 babiliter
507 1640 667 1701 transposuit
684 1639 805 1687 Bothius:
836 1640 920 1701 Fieri,
940 1655 1007 1687 uuae
1027 1639 1070 1686 tie
1089 1646 1117 1685 st
1138 1646 1166 1685 tu
1183 1641 1234 1700 sis,
1255 1653 1329 1697 quem

365 1727 544 1772 seoutussum.

435 1812 463 1857 V.
481 1812 523 1857 47.
559 1813 589 1856 V.
613 1812 640 1856 0.
660 1809 754 1870 quth’.
773 1809 836 1856 Poll.
847 1811 977 1871 quidquid.
1004 1809 1052 1856 Ed.
1062 1808 1145 1867 ptine.
1155 1810 1330 1869 nequicquam

363 1901 459 1941 aetum.
674 1948 679 1959 1
944 1938 948 1946 ,

432 1980 462 2024 V.
480 1981 522 2025 49.
558 1980 626 2026 lacti
638 1981 668 2025 V.
681 1982 725 2037 c.;
745 1979 808 2025 Pell.
822 1980 847 2025 et
859 1976 1020 2037 Pyrokhuim.
1029 1978 1117 2024 laetis.
1139 1979 1219 2024 coru.
1232 1980 1329 2039 bsugg.

364 2064 452 2123 Neque
463 2065 534 2110 lacte
544 2065 619 2124 lacti,
629 2066 656 2109 ut
665 2065 735 2110 laete
747 2063 780 2108 sit
790 2063 974 2109 nominativus.

432 2149 497 2194 Ibs'd.
517 2149 600 2195 simile
609 2150 639 2194 V.
651 2150 694 2206 C.;
712 2147 776 2193 ΡιΙΙ.
787 2148 879 2196 sins'Is's
889 2154 937 2195 est.

432 2235 462 2278 V.
480 2236 520 2281 m.
556 2233 605 2279 Ed.
616 2232 696 2290 prino.
707 2234 757 2280 iste
766 2233 813 2292 qui
820 2234 857 2279 sit
865 2233 924 2279 iste.

433 2321 461 2362 V.
481 2321 521 2364 69.
558 2317 635 2363 Peli:
664 2317 806 2380 leiserio,
820 2318 846 2364 ιι·
860 2318 938 2364 istum
956 2317 1026 2364 uides
1039 2317 1175 2376 quendam,
1191 2315 1242 2362 uisi
1258 2316 1329 2374 quod

364 2407 430 2449 sext.
441 2416 456 2448 u
466 2416 542 2448 manu
553 2403 638 2449 alienu
650 2404 737 2449 servet
749 2400 873 2463 [biforte
885 2403 910 2448 εἰ
918 2403 995 2448 istum
1006 2401 1095 2448 uidisti
1102 2415 1127 2460 q.

431 2489 460 2532 V.
480 2489 520 2533 uo.
556 2488 595 2533 Au
626 2498 728 2533 versum
754 2485 949 2532 sustentandum
968 2500 1025 2532 euru
1047 2485 1223 2533 hindemamro
1242 2484 1327 2532 rddidi

362 2575 420 2629 mei,
431 2573 500 2629 quod
510 2573 586 2630 plone
596 2574 636 2619 est
646 2571 800 2618 elidendum.
814 2572 847 2616 cf.
859 2584 894 2616 so.
904 2573 929 2632 2,
940 2585 964 2617 v.
977 2573 1034 2617 150.
1045 2586 1087 2617 ea.

431 2659 462 2705 V.
482 2659 524 2704 71.
561 2664 587 2704 te
606 2658 678 2706 obest
692 2670 707 2704 u
719 2658 751 2703 V.
767 2658 795 2704 0.
811 2658 837 2703 et
852 2657 970 2704 omnibus
980 2656 1054 2715 Pali,
1065 2656 1141 2709 etium
1152 2659 1182 2704 ab
1192 2656 1232 2702 ed.
1245 2654 1326 2712 princ.

432 2744 461 2790 V.
482 2744 522 2788 75.
558 2742 621 2790 Poll.
644 2744 670 2788 et
684 2741 723 2789 ed.
743 2741 825 2800 prino.
839 2756 864 2787 v.
878 2756 904 2787 a.
921 2756 947 2787 n.
962 2743 1067 2802 inquam
1082 2742 1154 2787 silum
1167 2753 1257 2787 nosces
1267 2752 1288 2785 s.
1300 2738 1326 2784 S.

362 2830 389 2872 et
401 2841 439 2885 pr.
452 2840 482 2872 uo
492 2840 543 2873 sec.
555 2824 716 2885 distinguunt
726 2829 785 2873 oute
795 2828 909 2886 iuquam.
1241 2884 1244 2889 ,

429 2913 460 2958 V.
479 2915 520 2959 ¹19.
557 2913 653 2957 simitu.
682 2911 725 2958 Sis
743 2913 774 2956 V.
795 2914 822 2956 0.
842 2911 954 2969 itemque
969 2909 1021 2958 Pul.
1041 2913 1110 2971 tert,
1126 2912 1152 2955 et
1173 2910 1280 2967 uterque
1295 2908 1327 2953 ud

362 3010 447 3042 orum:
466 2999 482 3042 τ’.
493 3012 515 3043 e.
527 2997 611 3056 simul,
622 2996 689 3052 qumi
701 2996 775 3042 estin
786 2995 849 3043 Poll.
861 2996 999 3054 plerisque.

430 3082 460 3127 V.
479 3083 520 3126 8⁰.
556 3092 604 3139 pro
623 3081 746 3127 eveniunt
764 3082 794 3126 V.
811 3083 838 3125 0.
857 3080 1013 3127 hubetrecte
1024 3080 1138 3126 ueniant.
1173 3078 1237 3124 Poll.
1249 3080 1274 3125 et
1285 3077 1325 3122 ed.

362 3166 444 3224 prino.
456 3173 526 3212 reete
536 3166 651 3212 veniunt.
686 3164 739 3211 Pul.
754 3178 805 3210 ree.
817 3171 893 3210 reeta
903 3179 959 3210 ven.

637 3327 762 3373 AGTUS
787 3329 823 3372 Η.
851 3328 981 3375 scENA
1005 3328 1040 3373 ΙΙ.

429 3440 502 3487 Duos
531 3437 632 3496 priores
664 3450 755 3483 versus
787 3437 837 3483 feci
868 3450 925 3484 eum
952 3437 1129 3484 Lindemuuuo
1160 3432 1326 3480 hexametros

362 3524 521 3572 boechiacos.

430 3611 461 3657 V.
478 3610 503 3654 4.
540 3607 587 3653 Ed.
598 3605 680 3664 prino.
691 3605 796 3652 soloeee
805 3606 946 3664 uoluptati.
957 3609 986 3655 V.
1001 3608 1028 3652 0.
1044 3609 1070 3651 et
1079 3602 1142 3651 Poll.
1155 3601 1325 3658 voluptatem.

419 3696 457 3757 V.
477 3700 500 3742 5.
536 3693 565 3737 V.
588 3693 617 3736 0.
631 3691 700 3749 boni,
716 3691 779 3738 Pali.
799 3692 873 3750 doni,
894 3691 962 3748 quod
977 3692 1063 3737 tornes
1078 3687 1105 3735 iu
1120 3683 1270 3744 quibusdum
1286 3683 1325 3739 est

361 3779 531 3826 emendatum.

430 3865 460 3909 V.
479 3864 502 3908 Ἰ.
538 3859 627 3920 Vulg.:
646 3862 704 3905 dum
716 3861 769 3905 oiri
776 3860 827 3904 mei
834 3859 1025 3918 ms'lss'potestas
1036 3855 1208 3919 uidendisutt.
1229 3855 1324 3905 Verum

362 3947 477 3997 ordinem
487 3946 657 3994 restituerunt
666 3946 829 3993 Herumnnus
839 3945 865 3991 et
875 3942 990 3990 Lindem-
