3409 4784
677 600 740 657 Aca.
755 601 800 656 111.
812 600 857 658 Sc.
870 602 903 668 li,
918 605 1036 658 8-tt.

371 746 443 800 Nam
453 761 597 817 nunquam
606 744 757 817 quicquam
769 761 831 801 meo
843 746 937 802 animo
950 747 1002 803 fuit
1012 749 1121 823 aegrius

370 836 461 904 Quam
471 846 617 909 postquam
628 836 723 892 audivi
733 845 759 892 te
772 853 833 892 esse
846 837 943 894 iratam
956 841 1036 895 mihi.

370 931 428 986 Cur
438 928 544 994 dixisti,
558 930 678 1002 inquies.
690 946 741 1003 ego
752 929 897 1001 expediam
907 932 968 986 tibi.

369 1025 431 1078 Non
441 1021 536 1094 edepol
547 1039 602 1095 qno
612 1030 639 1076 te
649 1038 709 1076 esse
719 1021 891 1094 impudicam
904 1024 1053 1090 crederem,

370 1117 472 1173 Verum
483 1113 653 1188 periclitatus
666 1115 790 1169 animum
801 1132 865 1170 sum
877 1124 965 1181 tuum,

368 1207 445 1276 Quid
455 1206 556 1263 iaceres
566 1215 593 1264 et
602 1225 658 1280 quo
669 1215 747 1279 pacto
758 1206 786 1261 id
797 1205 868 1262 ferre
877 1207 1031 1264 induceres.

368 1300 508 1374 Equidem
518 1301 578 1355 ioco
588 1297 634 1355 illa
645 1299 768 1354 dixeram
778 1298 886 1354 dudum
896 1299 957 1365 tibi,

369 1392 492 1449 Ridicnli
501 1399 593 1457 causa,
606 1391 649 1447 vel
660 1392 735 1446 hunc
744 1397 837 1466 rogato
847 1391 963 1448 Sosiam.
990 1408 993 1416 ·

745 1511 966 1559 ALCUMENA.

366 1595 442 1664 Quin
453 1596 508 1650 huc
522 1594 637 1650 adducis
647 1611 740 1650 meum
751 1603 898 1669 cognatum
909 1598 1070 1653 Naucratem

367 1691 476 1744 Testem
489 1686 691 1761 quamdudum
705 1695 732 1744 te
741 1687 925 1745 adducturum
940 1689 1059 1755 dixeras,

368 1783 406 1836 Te
419 1782 475 1837 huc
485 1799 538 1838 uon
550 1778 678 1836 venisse?

745 1900 943 1947 IUPPITER.

658 1983 687 2039 Si
697 1983 768 2057 quid
777 1983 883 2040 dictum
894 1994 935 2040 est
943 2002 993 2057 per
1002 1987 1105 2048 iocum,

368 2079 428 2134 Non
439 2094 559 2150 aequum
570 2085 612 2132 est
623 2076 653 2133 id
664 2085 691 2132 te
700 2077 772 2132 serio
779 2078 960 2148 praevortier.

728 2177 952 2242 annonaria.

365 2281 425 2355 ligo
434 2279 516 2335 illurn
526 2281 583 2335 scio
593 2295 678 2352 quam
689 2277 807 2334 doluerit
816 2279 893 2335 cordi
904 2293 975 2334 meo:

743 2398 942 2444 IUPPITER.

366 2485 418 2540 Per
426 2482 566 2538 dexteram
574 2491 650 2538 tuam
662 2491 696 2547 te,
709 2480 869 2548 Alcumena,
884 2499 941 2547 oro,
953 2482 1075 2547 obsecro,

365 2578 403 2632 Da
413 2577 451 2632 mi
462 2577 564 2631 hancce
579 2576 697 2640 veniam,
711 2576 831 2650 ignosce,
844 2576 911 2631 irata
921 2592 956 2630 na
966 2577 1030 2630 sies.

728 2711 947 2758 ALCUMENA.

363 2799 423 2872 Ego
432 2798 516 2868 istaec
527 2794 578 2851 ieci
589 2793 672 2850 verba
682 2795 783 2850 virtute
792 2795 882 2864 irrita3

364 2894 445 2946 Nunc
454 2888 565 2963 quando
575 2886 653 2942 factis
664 2904 708 2941 me
721 2887 872 2958 impudicis
885 2887 1015 2951 abstines,

365 2983 407 3038 Ab
418 2980 569 3054 impudicis
581 2979 662 3035 dietis
672 2981 759 3034 avorti
769 2978 841 3034 volo.

364 3075 467 3139 Valeas,
483 3074 533 3129 tibi
543 3073 644 3129 habeas
654 3089 698 3127 res
708 3080 778 3136 tuas,
794 3070 892 3127 reddas
902 3087 988 3126 meas.

361 3169 454 3225 luben'
465 3167 503 3222 mi
517 3167 557 3222 ire
566 3162 698 3220 comites?

739 3281 939 3328 IUPPITER.

699 3384 783 3421 sanan
794 3364 842 3419 es‘?

730 3484 914 3530 ALCUMEN
919 3484 949 3530 A.

821 3569 846 3623 si
860 3585 913 3624 non
924 3569 1013 3633 iubes,

363 3666 411 3720 liro
421 3672 536 3738 egomet,
549 3661 675 3716 comitem
686 3660 756 3715 mihi
765 3660 930 3718 Pudicitiam
941 3660 1054 3716 duxero.

739 3797 938 3843 IUPPITER.
1014 3836 1017 3841 .

364 3886 451 3948 Mane,
464 3867 594 3937 arbitratu
606 3888 653 3936 tuo
662 3880 855 3937 iusiurandum
866 3880 949 3945 dabo,
971 3902 975 3907 ·

364 3978 408 4032 Me
420 3993 510 4032 meam
520 3973 651 4047 pudicam
662 3990 723 4034 esse
733 3990 846 4035 uxorem
860 3973 1025 4029 arbitrarier.
1050 4024 1053 4032 ,
1071 4019 1075 4032 2
1154 4020 1157 4027 .
