3409 4784
549 987 942 1047 PROLOGUS.

623 1255 859 1304 MERCURIUS.

264 1344 308 1409 Ut
321 1370 370 1409 vos
379 1355 408 1409 in
419 1355 518 1409 vostris
531 1353 615 1409 vuitis
626 1359 813 1414 mercimoniis

263 1445 402 1501 Emundis
412 1445 624 1519 vendundisque
632 1465 677 1503 me
687 1446 787 1502 lactum
799 1446 883 1505 lucris

263 1536 388 1594 Adficere
398 1545 479 1611 atque
487 1539 618 1595 adiuvare
626 1541 656 1596 in
666 1532 750 1595 rebus
759 1542 899 1608 omnibus,

262 1632 298 1686 Et
306 1639 338 1686 ut
347 1648 390 1685 res
401 1631 573 1704 rationesque
582 1640 736 1688 vestrorum
745 1635 871 1690 omnium

262 1723 335 1778 Bene
344 1722 474 1794 expedire
483 1723 564 1779 voltis
574 1726 737 1800 peregrique
746 1733 773 1780 et
782 1725 858 1781 domi

262 1816 393 1887 Bonoque
405 1823 487 1888 atque
496 1815 588 1888 ampio
598 1825 706 1872 auctare
716 1828 848 1890 perpetuo
859 1818 935 1876 lucro

262 1906 394 1980 Quasque
402 1908 545 1980 incepistis
556 1925 600 1963 res
610 1926 735 1983 quasque
744 1911 929 1983 inceptabitis‚

261 2001 297 2055 Et
305 2000 347 2054 uti
356 1999 437 2054 bouis
447 2017 496 2056 ves
505 2010 667 2075 vestrosque
675 1996 766 2057 omnis
775 2004 886 2057 nunciis

261 2089 279 2122 ³*
288 2091 332 2146 Me
340 2089 451 2146 afficere
461 2093 551 2159 vultis,
564 2096 594 2149 ea
603 2093 722 2159 afferam,
734 2111 765 2148 ea
774 2103 805 2149 ut
814 2096 954 2161 nunciem‚

261 2181 338 2250 Quae
347 2184 467 2239 maxime
475 2184 503 2239 in
515 2200 573 2238 rem
583 2193 700 2240 vestram
711 2203 887 2243 communem
897 2173 976 2253 sient*

260 2275 340 2350 (Nam
350 2293 399 2332 ves
409 2275 521 2349 quidem
533 2275 562 2330 id
572 2277 628 2330 iam
639 2278 715 2333 scitis
724 2295 887 2334 cencessum
897 2288 924 2334 et
933 2279 1028 2335 datum

259 2369 298 2425 Mi
308 2386 368 2423 esse
378 2370 412 2424 ab
423 2368 467 2428 die
476 2368 547 2434 aliis,
559 2370 665 2424 nuntiis
673 2364 792 2442 praesim
802 2380 828 2427 et
837 2371 933 2446 lucro),

258 2461 332 2516 Haec
341 2469 372 2516 ut
382 2478 426 2516 me
436 2459 517 2516 voltis
527 2460 685 2533 adprobare,
698 2462 824 2530 adnitier‚
1002 2457 1005 2463 ’

259 2556 380 2610 Lucrum
391 2561 422 2608 ut
430 2569 550 2625 perenne
559 2553 639 2609 vobis
649 2571 758 2628 semper
767 2557 902 2628 subpetat,

257 2647 297 2702 Ita
308 2646 374 2701 huic
386 2644 491 2699 facietis
502 2644 610 2700 fabulae
619 2645 760 2702 silentium
830 2640 832 2645 ’

258 2741 353 2810 ltaque
362 2737 443 2809 aequi
453 2744 480 2791 et
489 2737 555 2791 iusti
565 2736 611 2791 hic
620 2739 697 2794 eritis
707 2756 803 2795 omnes
812 2740 917 2795 arbitri.

258 2833 339 2886 Nunc
348 2831 429 2884 cuius
438 2830 517 2884 iussu
527 2831 607 2884 venio
616 2839 642 2885 et
651 2833 831 2904 quamobrem
844 2833 976 2897 venerim,

257 2923 352 2977 Dicam
361 2921 502 2995 simulque
511 2922 573 2993 ipse
582 2921 695 2996 eloquar
703 2942 802 2980 nomen
813 2942 918 2980 meum.

258 3016 331 3071 lovis
340 3015 419 3069 iussu
429 3014 524 3082 veui0;
546 3031 645 3070 nemen
656 3016 774 3072 Mercuri
783 3016 913 3072 estmihi.

257 3108 336 3163 Pater
345 3107 400 3162 huc
409 3123 454 3160 me
463 3107 540 3161 misit
549 3106 582 3161 ad
594 3125 643 3163 vos
652 3114 759 3163 oratum
769 3122 858 3172 meus,

255 3201 375 3255 Tametsi
384 3217 435 3272 pro
443 3199 568 3271 imperio,
581 3199 661 3255 vobis
670 3198 745 3270 quod
753 3198 860 3253 dictum
870 3198 946 3264 ieret,

256 3292 350 3349 Scibat
360 3290 489 3356 facturos,
501 3291 606 3363 quippe
615 3291 664 3364 qui
675 3289 843 3345 intellexerat

256 3384 348 3440 Vereri
358 3400 408 3439 vos
418 3400 448 3437 se
457 3391 484 3438 et
492 3392 621 3450 metuere,
634 3383 671 3438 ita
681 3391 713 3438 ut
721 3398 839 3454 aequum
850 3391 900 3447 est,
910 3384 1016 3451 lovem3

258 3477 357 3534 Verum
366 3474 487 3548 profecte
496 3475 548 3530 hoc
558 3484 649 3548 petere
659 3492 704 3530 me
713 3475 835 3547 precario
880 3498 883 3503 ·

257 3567 279 3623 Α
290 3568 369 3623 vebis
382 3568 465 3622 iussit
474 3567 570 3623 leniter
581 3567 664 3623 dictis
675 3568 766 3623 bonis.

255 3660 364 3715 Etenim
375 3658 430 3724 ilie,
441 3660 542 3732 quoius
554 3659 611 3714 huc
619 3660 699 3715 iussu
708 3659 798 3722 venio,
811 3659 934 3730 luppiter

256 3755 317 3809 Non
328 3753 421 3807 minus
429 3767 514 3825 quam
524 3760 649 3807 vostrum
658 3753 754 3825 quivis
764 3749 893 3806 formidat
905 3750 1023 3816 meium3
1078 3770 1081 3775 ·
1115 3762 1146 3769 '¹
1212 3752 1217 3783 ἐ

257 3846 381 3900 Humana
391 3851 477 3898 matre
487 3852 576 3910 natus,
589 3844 710 3900 humano
720 3853 797 3918 patre

258 3937 350 3992 Mirari
364 3952 417 3990 non
428 3943 469 3990 est
478 3952 608 4009 aequum,
620 3938 674 3992 sibi
688 3938 711 3992 si
723 3936 874 4009 praetimet.
