3409 4784
590 579 652 635 Aci.
667 580 689 634 1.
706 577 749 634 So.
762 580 795 644 Π,
812 582 947 638 ao-aa.

653 766 874 814 ALCUMENA.

288 870 402 926 Ecastor
412 876 438 924 te
447 869 573 942 experior
585 870 681 943 quanti
695 867 778 923 iacias
791 884 906 923 uxorem
917 876 1001 922 tuam.
1308 875 1338 926 to

662 1003 861 1050 IUPPITER.

289 1089 373 1144 Satin*
384 1087 694 1147 habessiloeminarum
705 1086 816 1145 nulla'st
824 1104 910 1161 quam
920 1102 1006 1160 aeque
1014 1087 1147 1162 diligam?
1276 1089 1336 1167 [51⁰]

649 1221 886 1271 MERCURIUS.

289 1306 394 1380 Edepol
404 1325 456 1363 nae
464 1306 512 1363 illa
522 1309 547 1363 si
557 1309 618 1364 istis
629 1309 711 1364 rebus
722 1316 748 1363 te
757 1309 826 1362 sciat
835 1323 945 1379 operam
956 1305 1029 1370 dare,

289 1402 348 1477 Ego
359 1401 443 1457 faxim
455 1409 481 1457 te
491 1399 720 1475 Amphitruonem
732 1416 793 1455 esse
805 1398 886 1455 malis
895 1416 979 1472 quam
989 1400 1091 1455 lovem.

658 1535 880 1585 ALCUMENA.

291 1621 423 1694 Experiri*
431 1623 504 1677 istuc
514 1620 659 1679 mavellem
668 1639 714 1677 me
723 1637 808 1693 quam
817 1621 857 1674 mi
869 1621 1052 1675 memorarier.

290 1715 372 1771 Prius
382 1715 443 1769 abis
452 1731 537 1787 quam
548 1712 644 1781 lectus,
658 1715 706 1770 ubi
716 1713 849 1790 pubuiati‚
861 1711 999 1768 concaluit
1009 1711 1093 1768 loeus.

291 1807 355 1862 Heri
366 1808 467 1865 venisti
476 1807 566 1862 media
576 1814 663 1872 noete,
676 1822 750 1862 nuno
760 1804 834 1873 abis3
858 1804 972 1861 hoccine
982 1805 1088 1877 plaeet‘?

650 1923 889 1971 MERCURIUS.

291 2008 426 2065 Aooedam
436 2018 518 2083 atque
528 2008 599 2065 haue
609 2008 752 2082 appellabo
763 2015 789 2062 et
798 2008 1021 2080 supparasitabor
1030 2011 1111 2081 patri.

291 2103 440 2175 Nunquam
451 2100 547 2175 edepol
557 2119 725 2176 quemquam
735 2099 878 2155 mortalem
888 2101 969 2156 credo
979 2119 1030 2176 ego
1039 2119 1154 2159 uxorem
1166 2121 1246 2160 suam

292 2195 337 2251 Sic
348 2193 476 2251 ecflictim
485 2213 577 2251 amare
586 2194 702 2269 proinde
712 2201 743 2249 ut
752 2193 798 2248 hic
806 2200 832 2248 te
841 2191 967 2249 ecflictim
983 2194 1097 2267 deperit.

665 2312 868 2360 IUPPITER.

293 2397 440 2465 Carnulern
454 2416 508 2454 non
517 2414 568 2472 ego
578 2395 698 2453 tenori?
716 2395 806 2452 ahin'e
818 2405 967 2469 conspectu
980 2397 1062 2453 meo?

292 2490 366 2559 Quid
375 2492 427 2547 tibi
437 2481 508 2548 hano
518 2493 622 2546 curatio
633 2499 675 2546 est
684 2507 751 2555 rem,
765 2489 887 2556 verbero,
900 2499 948 2546 aut
957 2491 1096 2547 muttitio‘?

293 2585 364 2652 Quoi
376 2602 426 2659 ego
436 2585 488 2642 hoo
498 2586 553 2640 iam
563 2584 687 2656 scipione
695 2614 734 2625 -

655 2685 878 2749 nucerinus.

730 2785 764 2840 ah
777 2784 843 2840 noli.

677 2903 877 2950 IUPPITER.

872 2988 1081 3044 muttitomodo.

652 3107 887 3153 MERCURIUS.

293 3192 424 3265 Nequiter
434 3207 520 3263 paene
533 3189 673 3263 expedivit
682 3191 771 3263 prIma
781 3192 946 3263 parasitatio.

595 3352 597 3357 .
666 3309 858 3355 IUPPITER

293 3393 396 3448 Verum
406 3391 481 3465 quod
492 3400 523 3448 tu
532 3392 611 3457 diois,
625 3410 684 3448 mea
694 3410 772 3458 uxor,
785 3410 839 3449 non
850 3401 877 3449 te
886 3394 924 3448 mi
935 3394 1016 3449 irasci
1026 3394 1111 3451 decet.

293 3484 457 3542 Clanculum
469 3485 525 3540 abii
536 3502 587 3559 ego
598 3503 613 3540 a
625 3485 738 3561 legione,
751 3503 862 3558 operam
873 3486 944 3541 hanc
954 3487 1082 3559 subripui
1092 3487 1153 3554 tibi,

294 3580 337 3634 Ex
346 3596 391 3633 me
401 3579 491 3650 primo
505 3578 594 3649 prima
604 3579 698 3644 scires,
711 3596 769 3634 rem
779 3589 811 3635 ut
819 3581 968 3654 gessissem
982 3580 1132 3653 publioam.

293 3673 332 3727 Ea
344 3671 395 3727 tibi
408 3671 499 3725 omnia
509 3673 643 3728 enarravi.
656 3674 747 3729 uisite
759 3691 879 3729 amarem
890 3672 1053 3745 plurimum,
1109 3746 1111 3750 Α

294 3765 354 3819 Non
368 3761 494 3818 lacerem.

654 3883 890 3929 MERCURIUS.

502 3965 601 4022 laeitne
610 3977 642 4022 ut
650 3965 730 4023 dixit
747 3967 873 4023 timidam
883 3967 966 4042 palpo
978 3969 1105 4040 percutit.
