3409 4784
610 553 1106 611 COMMENTARIUS.
1307 561 1341 614 89

370 703 427 750 iilic
455 703 512 748 cini
534 700 655 748 hirneam
679 701 803 747 ebiberint
824 703 899 747 meri.
945 702 1034 749 Pontia
1053 702 1132 748 etiam
1151 703 1265 751 acribere
1279 706 1340 765 plc-

370 801 432 836 uam
442 788 517 833 meri.

441 875 470 918 V.
491 873 550 916 281.
586 869 660 917 Mira
670 878 739 930 cunt,
750 872 803 917 cici
811 872 895 917 latuit
903 872 982 918 intui.
1006 873 1038 918 ct.
1050 885 1075 918 v.
1086 873 1145 918 132.

440 959 472 1004 V.
491 959 551 1003 286.
587 956 685 1003 credet.
708 955 752 1004 Sic
767 957 798 1002 V.
815 957 844 1002 6.
856 959 882 1002 et
891 955 944 1002 Pel.
957 955 1038 1013 quint.
1050 958 1077 1003 et
1086 959 1210 1015 excerpta
1220 958 1293 1004 codd.
1304 983 1340 995 --

371 1056 421 1102 pr„
440 1057 502 1101 aec,
523 1042 583 1088 teri.
595 1041 712 1087 credere.
748 1040 914 1101 lugenioaam
926 1039 994 1086 hunc
1003 1041 1090 1087 locum
1099 1040 1338 1101 interprcbudiru·
1365 1063 1368 1069 ·

370 1128 471 1175 tionem
491 1125 651 1186 excogitavit
670 1125 823 1174 Balbachiur
834 1125 854 1171 Ι.
871 1125 889 1172 l.
908 1139 933 1184 p.
945 1127 969 1171 6.
981 1140 1029 1184 oq„
1040 1127 1128 1175 dicen·
1137 1128 1255 1175 iniurato
1266 1130 1338 1175 Mer-

370 1213 471 1260 curium
489 1212 584 1271 dicere,
600 1211 730 1271 quoniam,
750 1224 827 1268 quum
843 1224 890 1269 per
902 1211 1070 1272 Mercurium,
1083 1212 1109 1258 h.
1123 1226 1146 1258 e.
1159 1213 1338 1272 perseipsum

369 1299 491 1357 iurasset,
512 1297 563 1344 hoc
578 1296 645 1342 idem
661 1291 753 1342 tuiar'et
766 1309 795 1341 ac
807 1295 829 1341 ai
839 1295 946 1342 omnino
956 1296 1139 1344 coniurasset.
1176 1298 1228 1344 Sed
1236 1297 1337 1357 aimpli-

369 1384 426 1431 cior
445 1387 531 1430 tamen
549 1381 612 1427 mihi
628 1381 680 1428 alia
698 1381 766 1427 ratio
783 1381 893 1427 videtur.
930 1382 983 1427 Iam
993 1381 1109 1429 Wciaiua
1125 1382 1200 1429 docet
1210 1382 1337 1441 exempli·

369 1468 457 1516 allatis
468 1469 618 1526 frequenter
634 1467 702 1524 apud
711 1467 842 1516 Romanoa
851 1468 969 1512 iuratum
979 1468 1005 1513 ct
1015 1469 1159 1514 iniuratm
1169 1466 1218 1514 cibi
1228 1467 1336 1526 opponi.

369 1556 422 1601 lam
435 1554 501 1600 hanc
514 1551 667 1599 seutentiam
684 1551 710 1596 in
724 1550 843 1597 hocloco
855 1549 941 1597 ineare
954 1555 1030 1610 puto:
1049 1551 1097 1598 Vel
1107 1551 1220 1599 iniurato
1231 1549 1268 1616 (h.
1279 1568 1302 1600 e.
1314 1553 1337 1600 ui

369 1653 423 1686 non
436 1637 602 1696 iuravicaem)
613 1635 675 1682 mihi
685 1635 743 1695 piu·
752 1635 869 1694 luppiter
880 1636 996 1683 crederet
1006 1650 1081 1694 quam
1091 1637 1137 1685 tibi
1147 1637 1242 1698 iurato,
1253 1651 1335 1695 quun-

368 1727 396 1770 to
427 1723 509 1782 magia
533 1735 602 1768 nunc
626 1721 689 1767 mihi
713 1720 771 1779 plus
791 1720 879 1767 credet
900 1734 975 1778 quam
985 1720 1041 1781 tibi,
1061 1735 1138 1779 quum
1156 1721 1212 1781 ipae
1231 1736 1335 1781 quoquc

367 1805 520 1856 iuraverim!

433 1894 465 1939 V.
484 1893 543 1938 288.
582 1890 660 1939 Suria
678 1891 758 1938 nolim
772 1902 837 1936 eree.
861 1889 901 1935 lta
916 1903 985 1936 omn.
997 1891 1070 1936 codd.
1085 1894 1111 1937 et
1123 1892 1179 1938 edd.
1191 1894 1254 1939 vett.
1266 1893 1334 1940 Gro-

367 1983 439 2026 teruo
459 1977 563 2024 volebat
577 1980 748 2036 transponere
764 1974 842 2020 Sosia
857 1987 914 2022 em
928 1975 1016 2035 nolim,
1032 1978 1058 2021 et
1075 1976 1166 2036 negari
1180 1990 1234 2023 uon
1248 1980 1334 2036 potent

368 2064 416 2110 hac
435 2062 507 2110 facili
522 2061 711 2120 permutatione
728 2072 830 2105 versum
844 2058 926 2104 multo
937 2057 1084 2106 euaviorem
1095 2059 1150 2106 fieri
1159 2073 1233 2118 quem
1244 2061 1266 2108 ui
1276 2077 1333 2109 cum

368 2150 486 2207 Kampm.
498 2146 524 2192 iu
535 2145 617 2194 Plaut.
629 2145 694 2192 Rud.
706 2158 731 2202 p.
743 2145 766 2189 6.
778 2144 804 2190 et
813 2142 930 2189 Lindem.
941 2144 1073 2204 vulgatum
1083 2143 1199 2191 ordinem
1207 2145 1331 2194 retiueaa.

435 2235 467 2279 V.
487 2234 545 2278 292.
581 2228 750 2278 consimil’eat
765 2235 845 2289 atquc
864 2243 919 2289 ego.
951 2218 1030 2274 Vocia
1046 2226 1179 2276 dc'ert'mr'lr’a
1195 2243 1252 2276 cum
1267 2234 1331 2290 part.

365 2334 399 2365 ae
411 2316 467 2364 cive
477 2323 557 2376 atque
564 2315 718 2362 coniunctae
728 2313 847 2372 exempla
855 2313 982 2360 nonnulla
994 2314 1053 2360 cunt
1063 2325 1103 2372 cp.
1116 2311 1212 2374 Reiaig.
1224 2328 1330 2375 gramm.

365 2403 410 2450 lut.
422 2416 446 2461 p.
458 2403 518 2448 111.

435 2488 466 2533 V.
486 2487 545 2533 293.
579 2487 610 2532 V.
639 2485 668 2531 c.
699 2486 725 2531 et
743 2483 808 2530 Pell.
836 2481 950 2541 quinque
973 2481 1166 2532 cicatricatum.
1201 2482 1255 2531 Pal.
1276 2496 1328 2532 rec.

363 2573 546 2621 cicatricosae.
1092 2563 1094 2567 ’

434 2658 466 2703 V.
485 2657 544 2702 296.
580 2653 633 2701 Sed
639 2667 714 2713 quom
723 2652 788 2699 Pall.
800 2666 879 2712 cmm,
889 2651 943 2699 Pel.
955 2653 1022 2699 aext.
1032 2649 1079 2699 aed
1086 2663 1143 2699 cum
1153 2667 1199 2712 ego
1209 2669 1232 2700 c.

433 2743 465 2788 V.
485 2741 542 2786 303.
577 2740 609 2784 V.
629 2739 667 2798 c.,
678 2737 740 2785 Pall.
756 2740 811 2784 fere
822 2751 912 2785 omnen
927 2739 1003 2795 atque
1019 2737 1058 2783 ed.
1075 2735 1158 2795 princ.
1168 2737 1330 2801 lumbifrou·

361 2829 440 2890 giam,
449 2826 519 2884 quod
528 2823 616 2873 dubito
626 2837 687 2870 num
697 2825 796 2869 rectum
806 2822 847 2869 cit.

432 2914 463 2958 V.
482 2911 540 2958 369.
577 2910 646 2955 utV.
658 2909 695 2967 C.‚
707 2907 746 2953 ed.
758 2907 840 2965 princ.
851 2906 982 2967 Vulg.uti.
1277 2967 1281 2973 Ι

430 2996 464 3042 V.
482 2996 540 3041 311.
576 2991 674 3050 Scripsi
689 3006 746 3038 cum
761 2991 948 3052 Lingiol.l.p.
966 2992 1007 3037 62.
1041 2988 1328 3049 Utt'prout‚uthiatur

364 3079 513 3127 admittatur
528 3078 556 3125 in
567 3079 608 3124 uti
615 3090 669 3137 ego.
683 3078 715 3122 cf.
727 3073 847 3123 Schneid.
860 3074 933 3121 elem.
945 3077 965 3136 Ι,
977 3087 1002 3133 p.
1014 3075 1072 3120 111.

650 3182 777 3230 Acriis
801 3183 821 3228 1.
845 3182 976 3231 scENA
1002 3182 1039 3227 11.

431 3279 462 3324 V.
480 3280 505 3324 1.
540 3279 607 3324 Iam.
632 3273 766 3334 ed.princ.
789 3273 866 3320 Nam.

430 3363 462 3409 V.
482 3365 508 3408 6.
541 3361 672 3408 Particula
680 3361 746 3406 adeo
757 3359 781 3404 h.
791 3358 809 3406 l.
821 3358 872 3404 vim
882 3357 1043 3416 procliticcm
1053 3357 1137 3416 habet,
1144 3354 1249 3415 apertat
1258 3356 1327 3404 euim

364 3446 395 3492 ad
409 3449 525 3508 mentiri,
541 3448 572 3493 de
583 3460 633 3504 qua
648 3446 674 3492 vi
684 3447 711 3492 et
721 3443 791 3491 omni
803 3443 910 3490 omnino
921 3441 997 3490 huius
1008 3441 1149 3501 particulae
1162 3455 1210 3488 unu
1221 3441 1327 3501 egregie

364 3531 505 3589 disputavit
525 3531 644 3579 Kleiniuc
663 3531 691 3577 in
706 3527 858 3576 Zeitachriit
874 3529 916 3575 fiir
928 3527 969 3575 dle
987 3527 1178 3575 Alterthumaw.
1193 3527 1269 3585 1811,
1287 3539 1326 3572 nr.

363 3616 422 3674 151,
434 3630 459 3674 p.
470 3616 546 3661 1363.
557 3630 616 3676 sqq.

430 3702 462 3747 V.
481 3701 522 3747 13.
558 3702 650 3749 Hiatus
672 3703 711 3748 eat
726 3701 785 3760 port
803 3690 912 3758 primam
928 3695 1056 3756 dipodiem
1071 3694 1227 3742 trochaicam
1237 3707 1327 3742 verrua

364 3785 465 3833 iambici
476 3788 503 3833 et
512 3787 679 3834 concordiam
689 3786 770 3834 tribua
782 3783 888 3844 syllabis
900 3784 938 3830 eat
949 3780 1179 3840 pronunciandum.

432 3873 463 3917 V.
482 3873 524 3918 16.
559 3873 688 3919 ΡαΙΙ.ιάηι
704 3872 787 3927 ecclic,
802 3866 1055 3927 nextlpcamcedit.
1092 3866 1140 3912 Ed.
1151 3865 1232 3926 princ.
1268 3867 1327 3912 Iam

363 3956 515 4003 seditionem
526 3957 569 4004 im
576 3959 611 4004 in.

1068 4021 1119 4082 Gc
