3409 4784
507 596 569 652 444
586 599 606 652 4.
628 598 672 652 si.
689 598 709 663 1,
725 602 804 652 u
813 601 856 654 44.
879 598 1035 671 (eea-eo.)
1216 600 1244 655 44

290 743 391 798 Verum
402 757 483 814 quasi
475 740 629 796 'adfuerim
639 749 729 796 temen
740 739 878 797 simulabo
887 749 969 814 etque
978 740 1071 796 44441444
1080 739 1201 815 4144444444.

290 834 412 906 Sedquo
423 834 504 889 modo
515 842 542 888 et
550 835 642 889 verbis
652 834 756 906 quibus
770 852 814 888 me
825 835 919 889 deceat
929 833 1094 899 4444144444·
1166 856 1170 879 τ
1306 840 1340 892 to

290 927 389 981 Prius
381 943 442 998 ipse
452 943 560 981 mecum
571 927 653 980 4444444
664 925 726 981 volo
736 926 782 980 1444
792 925 929 981 meditem·
972 925 1018 980 Sic
1032 926 1085 981 1444
1097 927 1256 1001 proloqunrr

291 1019 432 1090 Principio
441 1028 473 1074 ut
482 1018 530 1075 4114
540 1019 712 1082 advenimus,
724 1018 774 1072 ubi
784 1020 907 1090 primum
918 1018 1184 1092 terrum-tetigimus,¹
1208 1044 1211 1049 ·
1223 1038 1226 1053 ¹
1282 1046 1285 1051 ·

291 1111 428 1166 Continuo
437 1111 602 1184 Amphitruo
612 1111 714 1185 delegit
725 1112 800 1165 viros
811 1113 965 1183 primorum
975 1111 1149 1184 prinoipes.'··
1202 1109 1205 1116 ’
1222 1110 1243 1159 '1'

291 1203 346 1258 Eos
357 1202 439 1277 leget3
462 1204 589 1259 Telebois
599 1198 676 1258 iubet
688 1199 850 1258 sententiam
864 1213 895 1259 ut
904 1205 997 1260 (1444444
1006 1219 1095 1260 enum*
1204 1202 1252 1261 3³2¹
1315 1213 1328 1249 =¹

291 1295 354 1350 Sr
332 1314 392 1350 sine
403 1315 431 1350 vr
442 1307 468 1351 et
477 1314 537 1351 sme
547 1296 619 1350 bello
630 1296 716 1351 44414444
726 1306 801 1368 repta
811 1305 838 1352 et
847 1306 969 1370 raptores
981 1298 1094 1363 44441444
1140 1294 1143 1301 ’
1213 1298 1249 1343 ·’ἷί
1306 1303 1340 1356 55

292 1387 321 1442 Sr
332 1405 403 1461 quae
413 1397 605 1460 asportassent
618 1388 739 1453 reddere,
752 1406 782 1443 44
792 1391 943 1445 exercitum
956 1386 1094 1464 extempio
1103 1392 1249 1448 domum
1244 1410 1249 1436 4

292 1481 492 1546 Reducturum,
505 1482 627 1535 abituros
637 1499 701 1554 agro
711 1481 837 1556 Argivos,
848 1498 945 1555 paoem
955 1493 1037 1556 etque
1045 1466 1138 1550 ffinm
1182 1512 1185 1517 ¹
1212 1482 1249 1537 .,.:

292 1574 360 1627 11444
373 1573 445 1641 41144;
468 1575 511 1634 4444Ι
522 1573 599 1628 aliter
609 1575 802 1629 sientenimnti
815 1590 905 1648 neque
915 1575 1060 1650 dentqnae
1073 1568 1194 1650 444444·ι
1233 1572 1339 1675 [lun]

292 1665 376 1720 Sese·
368 1667 454 1740 igitur
465 1683 574 1719 somma
585 1667 613 1720 vi
624 1667 746 1738 virisque
756 1683 849 1721 eorum
860 1668 995 1740 oppidum
1005 1663 1253 1763 44444443444444444ι
1313 1694 1316 1707 ·
1331 1676 1335 1693 ¹

292 1758 363 1813 11444
374 1760 424 1813 ubi
435 1758 560 1813 Telebols
569 1757 682 1812 ordine
676 1767 806 1813 iterarunt
815 1777 886 1830 quos
896 1760 1061 1831 praefecerat
1145 1773 1179 1804 ²¹¹
1214 1756 1250 1806 ’44
1308 1768 1341 1820 60

293 1849 467 1922 Amphitruo,
481 1851 651 1924 magnanimi
661 1851 713 1906 viri
729 1850 789 1905 14444
799 1853 900 1908 virtute
913 1862 939 1907 et
950 1855 1057 1908 viribus
1092 1887 1099 1898 ·

293 1943 425 2018 Superbe,
437 1944 523 2000 nimis
534 1941 659 1999 feroerter
669 1942 771 2017 legatos
780 1954 888 2000 nostros
898 1946 1048 2019 increpent
1137 2000 1156 2013 ,,
1173 2002 1177 2009 ,
1222 2002 1225 2009 ,

293 2035 469 2107 despondent
478 2027 551 2090 bello
561 2052 591 2089 se
601 2044 627 2089 et
636 2052 700 2090 suos
711 2037 793 2093 tutari
806 2054 896 2107 posse,
910 2038 1025 2109 proinde
1038 2041 1079 2094 uti
1152 2024 1156 2031 ⁸
1173 2031 1177 2049 '
1221 2020 1236 2029 υ

293 2130 427 2210 Propere
419 2128 453 2191 de
464 2128 566 2207 finibus
576 2129 636 2182 suis
647 2126 782 2203 exercitus
792 2127 966 2191 deducerent.

293 2221 364 2275 11444
378 2215 427 2275 ubi
438 2211 519 2293 legati
529 2203 673 2291 pertulere,
686 2198 851 2290 dmphitruo
861 2223 956 2276 4444444
968 2202 1065 2276 411444

292 2311 422 2367 Producit
431 2329 541 2366 omnem
551 2312 710 2375 exercitum,
724 2320 815 2365 contra
826 2311 956 2367 Teleboae
966 2331 1000 2368 ex
1009 2313 1111 2385 opprdo

293 2405 427 2499 Legiones
437 2403 558 2487 educunt
568 2422 633 2458 suas
643 2404 727 2458 nimis
737 2403 862 2475 pulchris
875 2407 959 2460 4444444
972 2406 1118 2505 praeditus.

293 2479 441 2568 Postquam
451 2496 582 2567 utrinque
593 2497 696 2550 emtum
707 2504 748 2550 est
758 2512 888 2551 maxume
898 2499 985 2570 copie
1184 2484 1187 2491 ’
1243 2488 1247 2495 '

292 2589 470 2661 Dispertiti
444 2588 506 2653 vrri,
520 2587 657 2660 dispertiti
671 2588 791 2653 ordines,

293 2664 466 2737 Nosnddtr'ns
476 2692 552 2734 more
562 2685 654 2735 nostro
664 2689 690 2735 et
699 2681 799 2735 modo
791 2682 975 2738 instruximus
985 2682 1146 2758 legiones(
1231 2728 1235 2738 .

294 2777 361 2830 Item
372 2774 464 2828 ho'stes
474 2781 565 2828 contre
577 2772 698 2846 legiones
709 2790 774 2827 sues
787 2775 936 2829 instruunt.
1161 2763 1163 2768 ’

293 2851 398 2922 Deindd
407 2867 518 2938 utrique
527 2850 716 2936 imperatore·
708 2883 737 2920 rn
748 2866 871 2921 medium
882 2875 991 2933 exeunt,
1075 2871 1078 2876 '

292 2959 376 3014 Extra
386 2958 494 3038 turbem
506 2957 634 3011 ordinum
648 2943 842 3030 colloquuntur
851 2959 945 3014 44444441.

294 3051 436 3115 Convenit
449 3034 516 3105 vinti
526 3050 581 3104 utri
594 3050 650 3104 sint
662 3066 694 3104 eo
704 3051 815 3121 praelio,
1167 3080 1184 3088 ·-

294 3145 405 3207 Urbem,
418 3158 524 3214 agrum,
537 3157 607 3207 4444,
619 3139 789 3214 foeosseque
802 3144 843 3198 uti
854 3143 993 3200 dederent
1069 3133 1092 3178 ἶ·
1134 3131 1172 3180 “’
1236 3166 1241 3179 4

293 3238 442 3308 Postquam
452 3234 481 3290 ed
488 3236 562 3288 aetn'
573 3242 623 3299 est,
633 3234 717 3289 tubae
727 3235 859 3308 utrinqne
867 3245 962 3291 4444444
969 3240 1082 3304 oemunt
1117 3234 1170 3273 ¹·
1255 3286 1257 3289 .

293 3331 518 3392 Consonatterrn,
530 3323 992 3398 41444444444444444444441444444445·
1244 3320 1249 3333 ’

294 3425 442 3495 imperator
451 3421 580 3492 utrmque
590 3416 656 3474 114444
668 3427 694 3474 44
703 3419 781 3474 4114444
791 3422 848 3476 lovi
901 3427 904 3435 '

293 3517 359 3572 Vota
370 3514 518 3586 suscipere,
531 3512 633 3568 hortari
644 3514 810 3581 exercitum3
1066 3559 1069 3565 ,
1132 3540 1135 3547 4
1199 3539 1202 3547 ·

293 3609 345 3663 Pro
355 3606 515 3679 se'quieque
524 3605 639 3678 id'quod
648 3606 768 3678 quisque
778 3610 805 3662 e't
814 3592 904 3678 potest
914 3610 940 3664 e't
949 3593 1028 3674 444444,
1051 3634 1054 3639 ’
1119 3612 1174 3658 ·'='
1235 3610 1239 3617 '

293 3701 366 3765 Edit,
380 3698 450 3754 ferro
461 3697 531 3762 ferit,
545 3697 596 3752 tela
611 3696 748 3771 frangunt,
760 3699 823 3753 boat

294 3788 646 3858 Caelumfremituvirum3
668 3789 980 3862 exspirituetanhelitn
1081 3832 1084 3837 .
1127 3794 1151 3840 '2

295 3879 400 3936 Nebula
410 3888 523 3946 constet,
536 3880 637 3937 endunt
649 3880 845 3939 volnerisviet
855 3884 978 3938 44444444.
1051 3887 1064 3931 2¹
1105 3907 1134 3923 w
1173 3904 1207 3951 ²¹5·
1229 3890 1244 3929 .‘

296 3974 418 4046 Denique
429 3981 460 4029 ut
468 3973 618 4040 voluimus,
630 3983 848 4047 vinisti-osupum
858 3992 965 4038 manus,
