3409 4784
416 614 478 671 Aci.
492 617 512 671 1.
525 615 570 670 Se.
582 616 627 680 ΙΙΙ,
641 617 674 672 2⁹
684 644 722 656 -
732 616 775 671 52.
801 613 863 669 Aer.
876 614 908 670 Π.
921 613 964 670 Se.
977 617 997 681 1,
1013 619 1022 669 Ι
1036 647 1073 656 -
1087 618 1111 670 i.
1208 616 1242 673 29

668 768 867 814 IUPPITER.

281 851 418 923 Nunquid
434 851 495 907 vis‘?

654 969 874 1016 ALCUMENA.

439 1062 469 1109 ut
478 1071 563 1127 quom
574 1054 673 1117 absim,
687 1071 731 1107 me
744 1071 828 1121 ames,
844 1071 889 1108 me
900 1063 974 1108 tuum
985 1054 1124 1110 absentem
1138 1065 1237 1112 tumen.

644 1172 882 1218 MERCURIUS.

284 1258 397 1321 Eamus,
411 1242 585 1327 Amphitruo,
598 1255 708 1310 luciseit
718 1255 769 1310 boc
779 1256 844 1312 iam.

662 1374 861 1421 IUPPITFR.

840 1457 885 1512 abi
897 1476 969 1529 prae,
986 1460 1071 1514 Sosia.

285 1554 343 1607 lam
354 1567 405 1625 ego
418 1567 527 1623 sequar.
540 1547 668 1621 nunquid
680 1549 741 1604 vis‘?
775 1590 778 1595 >

652 1669 871 1716 ALCUMENA.

736 1753 818 1808 etiam
828 1763 858 1808 ut
868 1762 991 1809 actutum
1002 1756 1140 1813 advenias.

759 1873 958 1917 IUPPITER.

858 2014 861 2019 ,
1144 1957 1215 2014 licet.

288 2049 368 2102 Prius
379 2064 429 2121 ego
442 2055 488 2101 tua
498 2045 628 2116 opinione
641 2044 687 2099 hic
698 2045 792 2115 edero;
815 2064 846 2102 eo
857 2048 960 2104 bonum
972 2049 1095 2103 animum
1109 2049 1187 2106 habe.

288 2143 368 2196 Nune
381 2148 417 2204 te,
430 2156 493 2204 nox,
508 2154 579 2210 quae
590 2154 633 2191 me
645 2139 779 2205 mansisti,
795 2141 881 2205 mitto,
895 2149 925 2196 ut
938 2139 1017 2195 cedas
1031 2140 1096 2197 diei.

287 2235 322 2290 Ut
335 2231 457 2289 mortalis
467 2231 620 2286 inlucescas
632 2230 773 2285 luceolum
785 2240 811 2287 et
821 2233 947 2288 eandida.

290 2326 380 2399 Atque
390 2333 493 2398 quanto
503 2341 557 2378 nox
567 2321 644 2379 fuisti
660 2323 764 2396 longior
773 2325 824 2379 hac
834 2344 978 2398 proxume,

289 2420 375 2473 Tamo
387 2418 497 2473 brevior
506 2417 565 2471 dies
575 2422 605 2470 ut
618 2417 664 2472 fiat
674 2415 781 2482 faciam,
795 2427 826 2473 ut
835 2436 921 2492 aeque
934 2419 1029 2492 dispar
1041 2429 1067 2474 et

289 2512 352 2565 Dies
365 2518 468 2565 enocte
478 2508 596 2565 accedat.
608 2511 655 2566 ibo
663 2518 690 2566 et
702 2511 870 2567 Mercurium
884 2512 1045 2584 subsequar.

669 2693 872 2712 r...—

561 2888 805 2947 AMPHITRUO.
845 2891 970 2949 SOSIA.

642 3008 885 3057 AMPHITRUO.

290 3095 347 3171 Age
357 3097 367 3151 i
378 3105 407 3151 tu
417 3093 576 3150 secundam.

705 3211 826 3257 soslA.

576 3312 685 3368 sequor,
698 3293 853 3366 subsequor
865 3304 900 3350 te.

642 3412 887 3460 AMPHITRtJo,

291 3501 521 3557 Scelestissimum
532 3507 558 3554 te
570 3497 695 3553 arbitror,

707 3616 826 3662 SOSIA.

708 3717 771 3755 nem
781 3703 979 3772 quamobrem?

642 3820 888 3865 AMPHITRUO.

292 3909 362 3976 Quia
376 3907 405 3962 id
418 3905 493 3979 quod
504 3921 591 3976 neque
601 3913 649 3969 est,
663 3921 752 3977 neque
766 3903 826 3969 fuit,
840 3922 928 3976 neque
940 3903 1062 3959 futurum
1077 3914 1117 3960 est

292 3999 360 4056 Mihi
371 3998 521 4071 praedices.
862 4007 868 4020 ·
