3409 4784
721 593 964 635 ruffinum.
1303 597 1323 633 V

361 728 405 795 id,
429 727 505 801 quod
526 727 656 784 omnihus
677 728 801 782 numeris
822 730 860 782 sit
880 727 1050 791 absolutum,
1074 729 1206 800 consequi
1223 730 1324 800 possis,

361 838 411 893 sed
434 837 547 893 meliora
569 846 675 893 tantum
701 837 737 893 iis
759 855 831 910 quae
854 847 932 892 antea
953 836 1056 909 prolata
1078 846 1157 902 sunt,
1182 839 1219 893 ita
1244 840 1325 894 etiam

361 947 433 1002 mihi
463 965 517 1002 usu
548 949 624 1004 venit
652 949 681 1003 in
708 947 760 1002 hac
788 945 881 1001 fabula
915 947 1039 1003 Plautina
1065 948 1178 1003 edenda.
1220 947 1328 1004 Sufficit

362 1058 433 1112 mihi
448 1075 522 1113 nunc
539 1058 622 1112 verba
640 1058 765 1113 Plautina
783 1058 817 1112 ad
835 1057 915 1112 codd.
930 1056 1010 1122 Pau,
1030 1059 1151 1112 maxime
1168 1060 1267 1113 veteris
1280 1076 1327 1114 cc-

363 1167 434 1222 dicis
457 1167 539 1222 fidem
562 1185 645 1239 quam
664 1169 869 1222 accuratissime
886 1169 1042 1233 restituere,
1061 1176 1093 1223 ut
1109 1168 1183 1223 idem
1202 1169 1327 1240 experiar

362 1279 393 1332 in
412 1278 613 1349 Amphitruone
634 1277 738 1332 edenda
762 1276 931 1341 iaciendum,
951 1278 1026 1350 quod
1044 1279 1099 1332 iam
1112 1277 1279 1333 Ritschelius
1297 1279 1326 1333 in

362 1386 562 1453 Bacchidibus,
586 1388 704 1442 Jacobus
721 1389 750 1443 in
768 1387 886 1459 Epidico
901 1389 1040 1443 consecuti
1058 1397 1136 1454 sunt,
1157 1406 1326 1462 quamquam

363 1497 450 1570 prohe
467 1498 526 1552 scio
543 1497 685 1553 Ritschelii
699 1497 818 1552 editione
835 1496 922 1552 multa
939 1496 974 1552 dc
991 1499 1060 1552 meis
1072 1499 1173 1553 iterum
1191 1507 1326 1554 mutatum

364 1616 391 1663 et
412 1606 588 1662 emendatum
611 1607 655 1662 iri.

441 1757 495 1813 Sed
517 1767 548 1813 ut
569 1759 643 1812 viam
661 1766 824 1822 monstrem,
848 1775 933 1830 quam
951 1758 1093 1831 ingressus
1110 1758 1165 1813 sim
1188 1759 1217 1814 in
1235 1759 1328 1815 verbis

364 1877 459 1941 poetae
477 1866 693 1932 conformandis,
713 1869 753 1921 sic
768 1866 822 1922 fere
836 1877 960 1923 versatus
973 1886 1046 1923 sum.
1086 1868 1138 1924 Pro
1152 1865 1330 1924 fundamento

365 1980 446 2052 quasi
464 1978 549 2032 habui
568 1978 715 2033 editionem
733 1977 871 2051 vulgatam
886 1977 1268 2045 Gronovio-Ernestianam,
1286 1987 1330 2034 ut·

365 2097 428 2162 pote
451 2106 522 2162 quae
544 2089 665 2143 maxime
687 2106 702 2143 e
724 2087 803 2141 codd.
828 2087 894 2141 Pali.
919 2087 1060 2159 prodierit.
1101 2088 1203 2143 Deinde
1220 2089 1329 2160 inspexi

365 2217 437 2272 quae
458 2200 559 2253 Parcus
581 2207 607 2253 et
625 2197 758 2252 Gruterus
776 2199 960 2251 enotavissent
977 2197 1011 2252 de
1029 2196 1143 2252 lectione
1161 2196 1240 2252 codd.
1260 2196 1327 2252 Pali.

366 2325 453 2380 eaque
483 2308 517 2362 ad
542 2308 625 2364 verba
655 2306 780 2361 Plautina
807 2306 1010 2371 constituenda,
1042 2307 1134 2379 quoad
1166 2307 1227 2362 cius
1254 2306 1329 2362 saiva

367 2419 470 2473 ratione
497 2426 524 2473 et
544 2434 677 2472 versuum
704 2433 832 2471 mensura
859 2416 918 2471 fieri
941 2425 1045 2488 posset,
1078 2418 1108 2472 in
1130 2421 1213 2472 usum
1234 2434 1329 2472 meum

366 2529 503 2592 converti,
535 2544 599 2582 cum
629 2527 734 2600 quihus
759 2526 860 2581 deinde
889 2529 1045 2600 comparavi
1071 2546 1142 2600 quae
1167 2529 1329 2583 recentiores

367 2638 498 2701 editores,
531 2637 651 2691 maxime
682 2635 902 2702 Lindemannus‚
935 2638 964 2692 in
995 2636 1119 2692 medium
1146 2637 1327 2710 protulerunt,

366 2748 484 2820 quihus,
509 2746 534 2800 si
556 2746 626 2801 mihi
648 2744 682 2800 ad
703 2744 850 2801 consilium
873 2765 967 2802 meum
990 2755 1052 2819 apta
1077 2748 1136 2801 visa
1158 2755 1236 2812 sunt,
1260 2765 1330 2802 usus

366 2875 440 2912 sum.
481 2857 619 2911 Praeterea
646 2873 715 2910 usus
737 2875 800 2910 sum
823 2857 872 2920 iis,
902 2874 973 2929 quae
998 2858 1051 2912 viri
1074 2856 1108 2911 de
1129 2856 1225 2911 Plauto
1246 2858 1330 2912 meri-

366 2968 468 3024 tissimi
491 2965 560 3021 God.
587 2967 773 3030 hermannus,
802 2965 983 3030 Ritschelius‚
1011 2966 1041 3021 C.
1070 2966 1102 3020 L.
1129 2965 1327 3031 Schneiderus,

367 3077 497 3150 cingius,
539 3076 761 3147 Kampmannus‚
804 3075 983 3140 Heinechius‚
1024 3074 1173 3140 Beckerus‚
1206 3075 1327 3141 Bestius,

367 3187 558 3260 Ladewigius‚
596 3184 814 3249 Fleckeisenius‚
848 3184 1026 3249 Balbachius,
1065 3184 1111 3240 alii
1144 3186 1227 3240 variis
1262 3185 1329 3240 locis

368 3298 403 3353 de
425 3297 534 3360 Plauto,
558 3295 678 3350 maxime
701 3293 736 3348 de
758 3294 876 3368 singulis
897 3294 1107 3367 Amphitruonis
1133 3296 1260 3351 versibus
1281 3294 1330 3349 ad-

368 3414 543 3470 notaverunt,
567 3413 594 3459 et
615 3413 673 3458 tum
696 3402 817 3469 demum,
842 3423 930 3476 quum
947 3405 1015 3459 haec
1032 3406 1124 3460 omnia
1145 3422 1200 3460 non
1220 3403 1331 3459 suffice-

368 3527 441 3582 rent,
463 3516 499 3571 ad
520 3514 689 3571 coniecturas
711 3513 833 3589 confugi.
874 3513 1025 3570 Nonnullos
1047 3522 1137 3569 tamen
1155 3514 1241 3579 locos,
1261 3531 1331 3586 quo-

368 3645 432 3684 rum
456 3624 609 3682 emendatio
638 3625 762 3680 nondum
788 3634 863 3681 extra
889 3642 998 3680 omnem
1020 3623 1218 3679 dubitationem
1243 3624 1331 3696 posita

368 3755 430 3794 esse
447 3735 598 3800 videretur,
615 3737 743 3790 asterisco
760 3734 795 3808 (Ἴ
813 3736 937 3807 apposito
954 3735 1055 3790 notavi.
1095 3733 1184 3788 Etiam
1198 3734 1227 3787 in
1240 3733 1333 3788 ortho-

369 3847 485 3922 graphia
506 3845 679 3918 singulorum
702 3845 899 3901 vocabulorum
922 3853 1046 3900 accurata
1067 3843 1189 3898 codicem
1211 3851 1331 3898 veterem

370 3954 543 4030 sequendum
560 3956 670 4027 putavi,
686 3957 768 4012 etiam
785 3956 834 4011 ubi
852 3956 898 4011 hic
911 3957 971 4027 ipse
988 3954 1042 4009 sihi
1060 3970 1114 4008 non
1129 3962 1247 4019 coastat,
1263 3971 1332 4027 qua-
