<?xml version="1.0" encoding="UTF-8"?>
<!DOCTYPE html PUBLIC "-//W3C//DTD XHTML 1.0 Transitional//EN"
    "http://www.w3.org/TR/xhtml1/DTD/xhtml1-transitional.dtd">
<html xmlns="http://www.w3.org/1999/xhtml" xml:lang="en" lang="en">
 <head>
  <title>
</title>
<meta http-equiv="Content-Type" content="text/html;charset=utf-8" />
  <meta name='ocr-system' content='tesseract 3.04.00' />
  <meta name='ocr-capabilities' content='ocr_page ocr_carea ocr_par ocr_line ocrx_word'/>
</head>
<body>
  <div class='ocr_page' id='page_1' title='image "./tmacciplautiamp00plaugoog_0059.png"; bbox 0 0 3409 4784; ppageno 0'>
   <div class='ocr_carea' id='block_1_1' title="bbox 540 601 1218 667">
    <p class='ocr_par' dir='ltr' id='par_1_1' title="bbox 540 601 1218 667">
     <span class='ocr_line' id='line_1_1' title="bbox 540 601 1218 667; baseline -0.004 -7"><span class='ocrx_word' id='word_1_1' title='bbox 540 603 602 660; x_wconf 77' lang='lat' dir='ltr'><strong>Aer.</strong></span> <span class='ocrx_word' id='word_1_2' title='bbox 619 603 651 657; x_wconf 91' lang='grc'><strong>11.</strong></span> <span class='ocrx_word' id='word_1_3' title='bbox 668 601 712 658; x_wconf 87' lang='lat' dir='ltr'><strong>So.</strong></span> <span class='ocrx_word' id='word_1_4' title='bbox 724 603 756 667; x_wconf 90' lang='grc'><strong>11,</strong></span> <span class='ocrx_word' id='word_1_5' title='bbox 773 605 869 658; x_wconf 77' lang='lat' dir='ltr'><strong>tto-</strong></span> <span class='ocrx_word' id='word_1_6' title='bbox 881 604 937 657; x_wconf 82' lang='lat' dir='ltr'><strong>ton.</strong></span> <span class='ocrx_word' id='word_1_7' title='bbox 1185 602 1218 657; x_wconf 74' lang='lat'><strong>45</strong></span> 
     </span>
    </p>
   </div>
   <div class='ocr_carea' id='block_1_2' title="bbox 262 754 1212 1005">
    <p class='ocr_par' dir='ltr' id='par_1_2' title="bbox 262 754 1212 1005">
     <span class='ocr_line' id='line_1_2' title="bbox 630 754 850 801; baseline -0.009 0"><span class='ocrx_word' id='word_1_8' title='bbox 630 754 850 801; x_wconf 79' lang='lat' dir='ltr'><strong>ALCUMENA.</strong></span> 
     </span>
     <span class='ocr_line' id='line_1_3' title="bbox 923 837 1212 911; baseline 0.003 -20"><span class='ocrx_word' id='word_1_9' title='bbox 923 837 992 911; x_wconf 90' lang='lat' dir='ltr'><strong>quid</strong></span> <span class='ocrx_word' id='word_1_10' title='bbox 1004 837 1094 894; x_wconf 87' lang='lat' dir='ltr'><strong>verbis</strong></span> <span class='ocrx_word' id='word_1_11' title='bbox 1104 838 1212 910; x_wconf 81' lang='lat' dir='ltr'><strong>opu&#39;st‘?</strong></span> 
     </span>
     <span class='ocr_line' id='line_1_4' title="bbox 262 932 632 1005; baseline -0.014 -15"><span class='ocrx_word' id='word_1_12' title='bbox 262 935 315 990; x_wconf 89' lang='lat' dir='ltr'><strong>Em</strong></span> <span class='ocrx_word' id='word_1_13' title='bbox 327 932 376 989; x_wconf 87' lang='lat' dir='ltr'><strong>tibi</strong></span> <span class='ocrx_word' id='word_1_14' title='bbox 387 940 517 1005; x_wconf 82' lang='lat' dir='ltr'><strong>pateram,</strong></span> <span class='ocrx_word' id='word_1_15' title='bbox 530 948 632 986; x_wconf 87' lang='lat' dir='ltr'><strong>eccam.</strong></span> 
     </span>
    </p>
   </div>
   <div class='ocr_carea' id='block_1_3' title="bbox 615 1048 864 1188">
    <p class='ocr_par' dir='ltr' id='par_1_3' title="bbox 615 1048 864 1188">
     <span class='ocr_line' id='line_1_5' title="bbox 620 1048 864 1096; baseline -0.016 0"><span class='ocrx_word' id='word_1_16' title='bbox 620 1048 864 1096; x_wconf 76' lang='lat' dir='ltr'>AMPIHTRUO.</span> 
     </span>
     <span class='ocr_line' id='line_1_6' title="bbox 615 1133 742 1188; baseline -0.008 -1"><span class='ocrx_word' id='word_1_17' title='bbox 615 1133 742 1188; x_wconf 80' lang='lat' dir='ltr'><strong>cedomi.</strong></span> 
     </span>
    </p>
   </div>
   <div class='ocr_carea' id='block_1_4' title="bbox 265 1249 1217 1596">
    <p class='ocr_par' dir='ltr' id='par_1_4' title="bbox 265 1249 1217 1596">
     <span class='ocr_line' id='line_1_7' title="bbox 629 1249 850 1297; baseline -0.005 -1"><span class='ocrx_word' id='word_1_18' title='bbox 629 1249 850 1297; x_wconf 83' lang='lat' dir='ltr'>ALCUMENA.</span> 
     </span>
     <span class='ocr_line' id='line_1_8' title="bbox 743 1333 1164 1407; baseline 0.005 -20"><span class='ocrx_word' id='word_1_19' title='bbox 743 1350 793 1407; x_wconf 76' lang='lat' dir='ltr'><strong>age</strong></span> <span class='ocrx_word' id='word_1_20' title='bbox 803 1333 895 1406; x_wconf 80' lang='lat' dir='ltr'><strong>aspice</strong></span> <span class='ocrx_word' id='word_1_21' title='bbox 904 1333 960 1388; x_wconf 90' lang='lat' dir='ltr'><strong>huc</strong></span> <span class='ocrx_word' id='word_1_22' title='bbox 970 1334 1009 1389; x_wconf 93' lang='lat' dir='ltr'><strong>sis</strong></span> <span class='ocrx_word' id='word_1_23' title='bbox 1020 1352 1094 1390; x_wconf 87' lang='lat' dir='ltr'><strong>nunc</strong></span> <span class='ocrx_word' id='word_1_24' title='bbox 1108 1336 1164 1389; x_wconf 87' lang='lat' dir='ltr'><strong>&#39;iam</strong></span> 
     </span>
     <span class='ocr_line' id='line_1_9' title="bbox 265 1424 1217 1502; baseline 0 -19"><span class='ocrx_word' id='word_1_25' title='bbox 265 1429 317 1495; x_wconf 89' lang='lat' dir='ltr'><strong>Tu,</strong></span> <span class='ocrx_word' id='word_1_26' title='bbox 325 1430 375 1502; x_wconf 91' lang='lat' dir='ltr'><strong>qui</strong></span> <span class='ocrx_word' id='word_1_27' title='bbox 384 1446 454 1502; x_wconf 89' lang='lat' dir='ltr'><strong>quae</strong></span> <span class='ocrx_word' id='word_1_28' title='bbox 464 1428 541 1494; x_wconf 78' lang='lat' dir='ltr'><strong>sacta,</strong></span> <span class='ocrx_word' id='word_1_29' title='bbox 549 1428 674 1492; x_wconf 82' lang='lat' dir='ltr'><strong>infitiare,</strong></span> <span class='ocrx_word' id='word_1_30' title='bbox 682 1443 766 1500; x_wconf 91' lang='lat' dir='ltr'><strong>quem</strong></span> <span class='ocrx_word' id='word_1_31' title='bbox 777 1443 826 1499; x_wconf 79' lang='lat' dir='ltr'><strong>ego</strong></span> <span class='ocrx_word' id='word_1_32' title='bbox 836 1426 891 1480; x_wconf 88' lang='lat' dir='ltr'><strong>iam</strong></span> <span class='ocrx_word' id='word_1_33' title='bbox 900 1424 946 1480; x_wconf 90' lang='lat' dir='ltr'><strong>hic</strong></span> <span class='ocrx_word' id='word_1_34' title='bbox 951 1428 1112 1482; x_wconf 81' lang='lat' dir='ltr'><strong>convincam</strong></span> <span class='ocrx_word' id='word_1_35' title='bbox 1118 1428 1217 1501; x_wconf 82' lang='lat' dir='ltr'><strong>pelam.</strong></span> 
     </span>
     <span class='ocr_line' id='line_1_10' title="bbox 265 1517 792 1596; baseline -0.009 -19"><span class='ocrx_word' id='word_1_36' title='bbox 265 1522 427 1578; x_wconf 83' lang='lat' dir='ltr'><strong>Estnehaec</strong></span> <span class='ocrx_word' id='word_1_37' title='bbox 435 1530 526 1596; x_wconf 85' lang='lat' dir='ltr'><strong>patera</strong></span> <span class='ocrx_word' id='word_1_38' title='bbox 536 1538 591 1595; x_wconf 86' lang='lat' dir='ltr'><strong>qua</strong></span> <span class='ocrx_word' id='word_1_39' title='bbox 604 1520 721 1576; x_wconf 88' lang='lat' dir='ltr'><strong>donatus</strong></span> <span class='ocrx_word' id='word_1_40' title='bbox 731 1517 792 1573; x_wconf 76' lang='lat' dir='ltr'><strong>illt‘?</strong></span> 
     </span>
    </p>
   </div>
   <div class='ocr_carea' id='block_1_5' title="bbox 267 1638 1317 1890">
    <p class='ocr_par' dir='ltr' id='par_1_5' title="bbox 267 1638 1317 1890">
     <span class='ocr_line' id='line_1_11' title="bbox 618 1638 863 1684; baseline 0 0"><span class='ocrx_word' id='word_1_41' title='bbox 618 1638 863 1684; x_wconf 82' lang='lat' dir='ltr'><strong>AMPHITRUO.</strong></span> 
     </span>
     <span class='ocr_line' id='line_1_12' title="bbox 764 1722 1315 1802; baseline 0.007 -25"><span class='ocrx_word' id='word_1_42' title='bbox 764 1722 1013 1794; x_wconf 86' lang='lat' dir='ltr'><strong>summeluppiter,</strong></span> <span class='ocrx_word' id='word_1_43' title='bbox 1254 1724 1315 1802; x_wconf 79' lang='lat' dir='ltr'><strong>[tto]</strong></span> 
     </span>
     <span class='ocr_line' id='line_1_13' title="bbox 267 1814 1317 1890; baseline 0.002 -18"><span class='ocrx_word' id='word_1_44' title='bbox 267 1815 342 1883; x_wconf 86' lang='lat' dir='ltr'><strong>Quid</strong></span> <span class='ocrx_word' id='word_1_45' title='bbox 352 1832 402 1890; x_wconf 82' lang='lat' dir='ltr'><strong>ego</strong></span> <span class='ocrx_word' id='word_1_46' title='bbox 412 1814 510 1872; x_wconf 73' lang='lat' dir='ltr'><strong>video?</strong></span> <span class='ocrx_word' id='word_1_47' title='bbox 529 1816 596 1870; x_wconf 84' lang='lat' dir='ltr'><strong>haec</strong></span> <span class='ocrx_word' id='word_1_48' title='bbox 605 1832 635 1870; x_wconf 85' lang='lat' dir='ltr'><strong>ea</strong></span> <span class='ocrx_word' id='word_1_49' title='bbox 649 1825 690 1871; x_wconf 89' lang='lat' dir='ltr'><strong>est</strong></span> <span class='ocrx_word' id='word_1_50' title='bbox 700 1814 820 1888; x_wconf 78' lang='lat' dir='ltr'><strong>proiecto</strong></span> <span class='ocrx_word' id='word_1_51' title='bbox 830 1824 931 1887; x_wconf 85' lang='lat' dir='ltr'><strong>patera.</strong></span> <span class='ocrx_word' id='word_1_52' title='bbox 944 1817 1023 1888; x_wconf 90' lang='lat' dir='ltr'><strong>perii,</strong></span> <span class='ocrx_word' id='word_1_53' title='bbox 1038 1816 1123 1873; x_wconf 89' lang='lat' dir='ltr'><strong>Sosia.</strong></span> <span class='ocrx_word' id='word_1_54' title='bbox 1267 1821 1317 1875; x_wconf 87' lang='grc'><strong>155</strong></span> 
     </span>
    </p>
   </div>
   <div class='ocr_carea' id='block_1_6' title="bbox 268 1933 1078 2183">
    <p class='ocr_par' dir='ltr' id='par_1_6' title="bbox 268 1933 1078 2183">
     <span class='ocr_line' id='line_1_14' title="bbox 682 1933 803 1979; baseline 0.008 -1"><span class='ocrx_word' id='word_1_55' title='bbox 682 1933 803 1979; x_wconf 74' lang='lat' dir='ltr'><strong>souin.</strong></span> 
     </span>
     <span class='ocr_line' id='line_1_15' title="bbox 270 2015 1078 2090; baseline 0.002 -17"><span class='ocrx_word' id='word_1_56' title='bbox 270 2018 325 2073; x_wconf 85' lang='lat' dir='ltr'><strong>Ant</strong></span> <span class='ocrx_word' id='word_1_57' title='bbox 334 2017 381 2090; x_wconf 91' lang='lat' dir='ltr'><strong>pol</strong></span> <span class='ocrx_word' id='word_1_58' title='bbox 392 2018 459 2072; x_wconf 82' lang='lat' dir='ltr'><strong>haec</strong></span> <span class='ocrx_word' id='word_1_59' title='bbox 467 2017 670 2090; x_wconf 80' lang='lat' dir='ltr'><strong>praestigiatrix</strong></span> <span class='ocrx_word' id='word_1_60' title='bbox 683 2015 771 2072; x_wconf 86' lang='lat' dir='ltr'><strong>multo</strong></span> <span class='ocrx_word' id='word_1_61' title='bbox 781 2016 881 2072; x_wconf 89' lang='lat' dir='ltr'><strong>mulier</strong></span> <span class='ocrx_word' id='word_1_62' title='bbox 890 2035 1019 2073; x_wconf 86' lang='lat' dir='ltr'><strong>maxuma</strong></span> <span class='ocrx_word' id='word_1_63' title='bbox 1030 2029 1078 2085; x_wconf 82' lang='lat' dir='ltr'><strong>ost,</strong></span> 
     </span>
     <span class='ocr_line' id='line_1_16' title="bbox 268 2110 732 2183; baseline -0.011 -16"><span class='ocrx_word' id='word_1_64' title='bbox 268 2111 324 2167; x_wconf 76' lang='lat' dir='ltr'><strong>Aut</strong></span> <span class='ocrx_word' id='word_1_65' title='bbox 332 2119 451 2183; x_wconf 83' lang='lat' dir='ltr'><strong>pateram</strong></span> <span class='ocrx_word' id='word_1_66' title='bbox 462 2110 507 2165; x_wconf 92' lang='lat' dir='ltr'><strong>hic</strong></span> <span class='ocrx_word' id='word_1_67' title='bbox 518 2110 609 2164; x_wconf 90' lang='lat' dir='ltr'><strong>inesse</strong></span> <span class='ocrx_word' id='word_1_68' title='bbox 618 2116 732 2180; x_wconf 91' lang='lat' dir='ltr'><strong>oportet.</strong></span> 
     </span>
    </p>
   </div>
   <div class='ocr_carea' id='block_1_7' title="bbox 625 2227 1145 2384">
    <p class='ocr_par' dir='ltr' id='par_1_7' title="bbox 625 2227 1145 2384">
     <span class='ocr_line' id='line_1_17' title="bbox 625 2227 869 2274; baseline -0.008 0"><span class='ocrx_word' id='word_1_69' title='bbox 625 2227 869 2274; x_wconf 77' lang='lat' dir='ltr'><strong>AMPHITRUO.</strong></span> 
     </span>
     <span class='ocr_line' id='line_1_18' title="bbox 708 2309 1145 2384; baseline 0.009 -20"><span class='ocrx_word' id='word_1_70' title='bbox 708 2309 836 2384; x_wconf 83' lang='lat' dir='ltr'><strong>agedum,</strong></span> <span class='ocrx_word' id='word_1_71' title='bbox 850 2326 910 2365; x_wconf 87' lang='lat' dir='ltr'><strong>eam</strong></span> <span class='ocrx_word' id='word_1_72' title='bbox 920 2310 997 2367; x_wconf 87' lang='lat' dir='ltr'><strong>solvo</strong></span> <span class='ocrx_word' id='word_1_73' title='bbox 1009 2312 1145 2368; x_wconf 86' lang='lat' dir='ltr'><strong>cistulam.</strong></span> 
     </span>
    </p>
   </div>
   <div class='ocr_carea' id='block_1_8' title="bbox 224 2429 1411 2773">
    <p class='ocr_par' dir='ltr' id='par_1_8' title="bbox 224 2429 1411 2773">
     <span class='ocr_line' id='line_1_19' title="bbox 685 2429 809 2475; baseline 0.016 -2"><span class='ocrx_word' id='word_1_74' title='bbox 685 2430 702 2472; x_wconf 84' lang='lat' dir='ltr'>S</span> <span class='ocrx_word' id='word_1_75' title='bbox 709 2429 731 2474; x_wconf 94' lang='lat'>0</span> <span class='ocrx_word' id='word_1_76' title='bbox 738 2429 809 2475; x_wconf 75' lang='lat' dir='ltr'><strong>sln.</strong></span> 
     </span>
     <span class='ocr_line' id='line_1_20' title="bbox 224 2510 1411 2599; baseline 0.002 -30"><span class='ocrx_word' id='word_1_77' title='bbox 224 2513 344 2582; x_wconf 46' lang='lat' dir='ltr'><strong>&amp;Quid</strong></span> <span class='ocrx_word' id='word_1_78' title='bbox 354 2531 404 2588; x_wconf 82' lang='lat' dir='ltr'><strong>ego</strong></span> <span class='ocrx_word' id='word_1_79' title='bbox 414 2514 495 2568; x_wconf 87' lang='lat' dir='ltr'><strong>istam</strong></span> <span class='ocrx_word' id='word_1_80' title='bbox 506 2510 651 2569; x_wconf 83' lang='lat' dir='ltr'><strong>exolvum‘?</strong></span> <span class='ocrx_word' id='word_1_81' title='bbox 669 2512 934 2587; x_wconf 84' lang='lat' dir='ltr'><strong>obsignata’strecte,</strong></span> <span class='ocrx_word' id='word_1_82' title='bbox 950 2523 1078 2588; x_wconf 82' lang='lat' dir='ltr'><strong>resgestu</strong></span> <span class='ocrx_word' id='word_1_83' title='bbox 1089 2524 1130 2572; x_wconf 89' lang='lat' dir='ltr'><strong>est</strong></span> <span class='ocrx_word' id='word_1_84' title='bbox 1140 2516 1219 2574; x_wconf 91' lang='lat' dir='ltr'><strong>bene.</strong></span> <span class='ocrx_word' id='word_1_85' title='bbox 1224 2560 1254 2599; x_wconf 60' lang='lat' dir='ltr'><em>s</em></span> <span class='ocrx_word' id='word_1_86' title='bbox 1271 2530 1286 2547; x_wconf 72' lang='lat'><strong>¹·</strong></span> <span class='ocrx_word' id='word_1_87' title='bbox 1318 2526 1324 2578; x_wconf 88' lang='grc' dir='ltr'>Ι</span> <span class='ocrx_word' id='word_1_88' title='bbox 1343 2520 1372 2569; x_wconf 66' lang='lat'><strong>5&#39;</strong></span> <span class='ocrx_word' id='word_1_89' title='bbox 1391 2526 1411 2571; x_wconf 61' lang='grc' dir='ltr'><strong>’ξι</strong></span> 
     </span>
     <span class='ocr_line' id='line_1_21' title="bbox 270 2604 1100 2679; baseline -0.006 -17"><span class='ocrx_word' id='word_1_90' title='bbox 270 2609 311 2662; x_wconf 85' lang='grc' dir='ltr'><strong>Τιι</strong></span> <span class='ocrx_word' id='word_1_91' title='bbox 322 2607 452 2679; x_wconf 84' lang='lat' dir='ltr'><strong>peperisti</strong></span> <span class='ocrx_word' id='word_1_92' title='bbox 461 2605 698 2679; x_wconf 81' lang='lat' dir='ltr'><strong>Amphitruonem,</strong></span> <span class='ocrx_word' id='word_1_93' title='bbox 711 2622 761 2679; x_wconf 80' lang='lat' dir='ltr'><strong>ego</strong></span> <span class='ocrx_word' id='word_1_94' title='bbox 771 2604 857 2660; x_wconf 83' lang='lat' dir='ltr'><strong>alium</strong></span> <span class='ocrx_word' id='word_1_95' title='bbox 868 2607 962 2678; x_wconf 82' lang='lat' dir='ltr'><strong>peperi</strong></span> <span class='ocrx_word' id='word_1_96' title='bbox 972 2606 1077 2663; x_wconf 90' lang='lat' dir='ltr'><strong>Sosiam</strong></span> <span class='ocrx_word' id='word_1_97' title='bbox 1085 2628 1100 2678; x_wconf 84' lang='lat'><strong>;.</strong></span> 
     </span>
     <span class='ocr_line' id='line_1_22' title="bbox 270 2699 1317 2773; baseline 0.003 -17"><span class='ocrx_word' id='word_1_98' title='bbox 270 2703 350 2756; x_wconf 85' lang='lat' dir='ltr'><strong>Nunc</strong></span> <span class='ocrx_word' id='word_1_99' title='bbox 360 2701 383 2755; x_wconf 90' lang='lat' dir='ltr'><strong>si</strong></span> <span class='ocrx_word' id='word_1_100' title='bbox 398 2708 517 2772; x_wconf 88' lang='lat' dir='ltr'><strong>pateram</strong></span> <span class='ocrx_word' id='word_1_101' title='bbox 530 2706 620 2771; x_wconf 88' lang='lat' dir='ltr'><strong>patera</strong></span> <span class='ocrx_word' id='word_1_102' title='bbox 634 2699 748 2770; x_wconf 85' lang='lat' dir='ltr'><strong>peperit,</strong></span> <span class='ocrx_word' id='word_1_103' title='bbox 759 2699 850 2753; x_wconf 92' lang='lat' dir='ltr'><strong>omnis</strong></span> <span class='ocrx_word' id='word_1_104' title='bbox 861 2701 1125 2773; x_wconf 81' lang='lat' dir='ltr'><strong>congeminavimus.</strong></span> <span class='ocrx_word' id='word_1_105' title='bbox 1268 2706 1317 2759; x_wconf 90' lang='grc'><strong>155</strong></span> 
     </span>
    </p>
   </div>
   <div class='ocr_carea' id='block_1_9' title="bbox 269 2816 863 2974">
    <p class='ocr_par' dir='ltr' id='par_1_9' title="bbox 269 2816 863 2974">
     <span class='ocr_line' id='line_1_23' title="bbox 621 2816 863 2862; baseline 0 0"><span class='ocrx_word' id='word_1_106' title='bbox 621 2816 863 2862; x_wconf 78' lang='lat' dir='ltr'><strong>AnPfflTRUO.</strong></span> 
     </span>
     <span class='ocr_line' id='line_1_24' title="bbox 269 2900 796 2974; baseline -0.009 -13"><span class='ocrx_word' id='word_1_107' title='bbox 269 2904 381 2962; x_wconf 87' lang='lat' dir='ltr'><strong>Certum</strong></span> <span class='ocrx_word' id='word_1_108' title='bbox 391 2909 432 2957; x_wconf 88' lang='lat' dir='ltr'><strong>est</strong></span> <span class='ocrx_word' id='word_1_109' title='bbox 441 2901 546 2974; x_wconf 84' lang='lat' dir='ltr'><strong>aperire</strong></span> <span class='ocrx_word' id='word_1_110' title='bbox 556 2907 638 2973; x_wconf 85' lang='lat' dir='ltr'><strong>utque</strong></span> <span class='ocrx_word' id='word_1_111' title='bbox 650 2900 796 2972; x_wconf 85' lang='lat' dir='ltr'><strong>inspicere.</strong></span> 
     </span>
    </p>
   </div>
   <div class='ocr_carea' id='block_1_10' title="bbox 272 3019 1132 3270">
    <p class='ocr_par' dir='ltr' id='par_1_10' title="bbox 272 3019 1132 3270">
     <span class='ocr_line' id='line_1_25' title="bbox 686 3019 809 3066; baseline 0.016 -2"><span class='ocrx_word' id='word_1_112' title='bbox 686 3019 809 3066; x_wconf 85' lang='lat' dir='ltr'><strong>soslA.</strong></span> 
     </span>
     <span class='ocr_line' id='line_1_26' title="bbox 785 3101 1132 3177; baseline 0.009 -19"><span class='ocrx_word' id='word_1_113' title='bbox 785 3101 849 3158; x_wconf 90' lang='lat' dir='ltr'><strong>vide</strong></span> <span class='ocrx_word' id='word_1_114' title='bbox 860 3103 899 3157; x_wconf 89' lang='lat' dir='ltr'><strong>sis</strong></span> <span class='ocrx_word' id='word_1_115' title='bbox 909 3103 982 3177; x_wconf 85' lang='lat' dir='ltr'><strong>signi</strong></span> <span class='ocrx_word' id='word_1_116' title='bbox 993 3103 1063 3177; x_wconf 90' lang='lat' dir='ltr'><strong>quid</strong></span> <span class='ocrx_word' id='word_1_117' title='bbox 1071 3105 1132 3171; x_wconf 86' lang='lat' dir='ltr'><strong>siet,</strong></span> 
     </span>
     <span class='ocr_line' id='line_1_27' title="bbox 272 3191 814 3270; baseline -0.007 -17"><span class='ocrx_word' id='word_1_118' title='bbox 272 3201 312 3253; x_wconf 92' lang='lat' dir='ltr'><strong>Ne</strong></span> <span class='ocrx_word' id='word_1_119' title='bbox 323 3197 459 3270; x_wconf 86' lang='lat' dir='ltr'><strong>posterius</strong></span> <span class='ocrx_word' id='word_1_120' title='bbox 469 3196 497 3250; x_wconf 88' lang='lat' dir='ltr'><strong>iu</strong></span> <span class='ocrx_word' id='word_1_121' title='bbox 507 3212 552 3250; x_wconf 88' lang='lat' dir='ltr'><strong>me</strong></span> <span class='ocrx_word' id='word_1_122' title='bbox 561 3193 671 3267; x_wconf 83' lang='lat' dir='ltr'><strong>eulpam</strong></span> <span class='ocrx_word' id='word_1_123' title='bbox 681 3191 814 3249; x_wconf 85' lang='lat' dir='ltr'><strong>conferas.</strong></span> 
     </span>
    </p>
   </div>
   <div class='ocr_carea' id='block_1_11' title="bbox 627 3313 869 3359">
    <p class='ocr_par' dir='ltr' id='par_1_11' title="bbox 627 3313 869 3359">
     <span class='ocr_line' id='line_1_28' title="bbox 627 3313 869 3359; baseline 0.008 -2"><span class='ocrx_word' id='word_1_124' title='bbox 627 3313 869 3359; x_wconf 81' lang='lat' dir='ltr'>AMPHITRUO.</span> 
     </span>
    </p>
   </div>
   <div class='ocr_carea' id='block_1_12' title="bbox 273 3397 1088 3562">
    <p class='ocr_par' dir='ltr' id='par_1_12' title="bbox 273 3397 1088 3562">
     <span class='ocr_line' id='line_1_29' title="bbox 805 3397 981 3453; baseline 0.011 -2"><span class='ocrx_word' id='word_1_125' title='bbox 805 3414 820 3451; x_wconf 89' lang='grc'>3</span> <span class='ocrx_word' id='word_1_126' title='bbox 842 3397 882 3451; x_wconf 90' lang='lat' dir='ltr'><strong>eri</strong></span> <span class='ocrx_word' id='word_1_127' title='bbox 892 3397 981 3453; x_wconf 93' lang='lat' dir='ltr'><strong>modo.</strong></span> 
     </span>
     <span class='ocr_line' id='line_1_30' title="bbox 273 3414 1088 3562; baseline -0.001 -17"><span class='ocrx_word' id='word_1_128' title='bbox 273 3493 342 3545; x_wconf 83' lang='lat' dir='ltr'><strong>Nem</strong></span> <span class='ocrx_word' id='word_1_129' title='bbox 352 3490 419 3544; x_wconf 85' lang='lat' dir='ltr'><strong>haee</strong></span> <span class='ocrx_word' id='word_1_130' title='bbox 428 3487 541 3561; x_wconf 88' lang='lat' dir='ltr'><strong>quidem</strong></span> <span class='ocrx_word' id='word_1_131' title='bbox 552 3503 601 3542; x_wconf 89' lang='lat' dir='ltr'><strong>nos</strong></span> <span class='ocrx_word' id='word_1_132' title='bbox 611 3485 756 3542; x_wconf 85' lang='lat' dir='ltr'><strong>delirantes</strong></span> <span class='ocrx_word' id='word_1_133' title='bbox 770 3414 858 3544; x_wconf 43' lang='lat' dir='ltr'><strong>faceia</strong></span> <span class='ocrx_word' id='word_1_134' title='bbox 867 3489 948 3546; x_wconf 87' lang='lat' dir='ltr'><strong>dictis</strong></span> <span class='ocrx_word' id='word_1_135' title='bbox 961 3490 1088 3562; x_wconf 86' lang='lat' dir='ltr'><strong>postulat.</strong></span> 
     </span>
    </p>
   </div>
   <div class='ocr_carea' id='block_1_13' title="bbox 273 3606 1319 3861">
    <p class='ocr_par' dir='ltr' id='par_1_13' title="bbox 273 3606 1319 3861">
     <span class='ocr_line' id='line_1_31' title="bbox 639 3606 860 3654; baseline 0.009 -2"><span class='ocrx_word' id='word_1_136' title='bbox 639 3606 860 3654; x_wconf 83' lang='lat' dir='ltr'><strong>ALCUMENA.</strong></span> 
     </span>
     <span class='ocr_line' id='line_1_32' title="bbox 275 3689 1319 3770; baseline -0.01 -20"><span class='ocrx_word' id='word_1_137' title='bbox 275 3694 353 3750; x_wconf 88' lang='lat' dir='ltr'><strong>Unde</strong></span> <span class='ocrx_word' id='word_1_138' title='bbox 365 3693 433 3748; x_wconf 83' lang='lat' dir='ltr'><strong>haec</strong></span> <span class='ocrx_word' id='word_1_139' title='bbox 442 3691 527 3765; x_wconf 80' lang='lat' dir='ltr'><strong>igitur</strong></span> <span class='ocrx_word' id='word_1_140' title='bbox 536 3697 578 3744; x_wconf 82' lang='lat' dir='ltr'><strong>est</strong></span> <span class='ocrx_word' id='word_1_141' title='bbox 586 3689 641 3745; x_wconf 88' lang='lat' dir='ltr'><strong>nisi</strong></span> <span class='ocrx_word' id='word_1_142' title='bbox 650 3690 699 3745; x_wconf 83' lang='lat' dir='ltr'><strong>ebs</strong></span> <span class='ocrx_word' id='word_1_143' title='bbox 711 3699 746 3755; x_wconf 91' lang='lat' dir='ltr'><strong>te,</strong></span> <span class='ocrx_word' id='word_1_144' title='bbox 758 3691 909 3764; x_wconf 90' lang='lat' dir='ltr'><strong>quaemihi</strong></span> <span class='ocrx_word' id='word_1_145' title='bbox 920 3689 1131 3746; x_wconf 81' lang='lat' dir='ltr'><strong>denodataest‘?</strong></span> <span class='ocrx_word' id='word_1_146' title='bbox 1257 3691 1319 3770; x_wconf 74' lang='lat' dir='ltr'><strong>[rm]</strong></span> 
     </span>
     <span class='ocr_line' id='line_1_33' title="bbox 273 3783 691 3861; baseline -0.022 -16"><span class='ocrx_word' id='word_1_147' title='bbox 273 3788 351 3861; x_wconf 87' lang='lat' dir='ltr'><strong>Opus</strong></span> <span class='ocrx_word' id='word_1_148' title='bbox 362 3786 401 3840; x_wconf 95' lang='lat' dir='ltr'><strong>mi</strong></span> <span class='ocrx_word' id='word_1_149' title='bbox 411 3792 452 3840; x_wconf 87' lang='lat' dir='ltr'><strong>est</strong></span> <span class='ocrx_word' id='word_1_150' title='bbox 461 3784 532 3839; x_wconf 91' lang='lat' dir='ltr'><strong>istuc</strong></span> <span class='ocrx_word' id='word_1_151' title='bbox 545 3783 691 3854; x_wconf 86' lang='lat' dir='ltr'><strong>exquisito.</strong></span> 
     </span>
    </p>
   </div>
   <div class='ocr_carea' id='block_1_14' title="bbox 692 3901 1319 4057">
    <p class='ocr_par' dir='ltr' id='par_1_14' title="bbox 692 3901 1319 4057">
     <span class='ocr_line' id='line_1_34' title="bbox 692 3901 813 3946; baseline 0 0"><span class='ocrx_word' id='word_1_152' title='bbox 692 3901 813 3946; x_wconf 76' lang='lat' dir='ltr'><strong>sostn.</strong></span> 
     </span>
     <span class='ocr_line' id='line_1_35' title="bbox 703 3983 1319 4057; baseline 0.003 -18"><span class='ocrx_word' id='word_1_153' title='bbox 703 3985 835 4057; x_wconf 82' lang='lat' dir='ltr'><strong>iuppiter,</strong></span> <span class='ocrx_word' id='word_1_154' title='bbox 847 3983 1046 4057; x_wconf 83' lang='lat' dir='ltr'><strong>proluppitort</strong></span> <span class='ocrx_word' id='word_1_155' title='bbox 1272 3989 1319 4041; x_wconf 84' lang='grc'>1611</span> 
     </span>
    </p>
   </div>
   <div class='ocr_carea' id='block_1_15' title="bbox 0 0 1727 4784">
    <p class='ocr_par' dir='ltr' id='par_1_15' title="bbox 0 0 1727 4784">
     <span class='ocr_line' id='line_1_36' title="bbox 0 0 1727 4784; baseline 0 0"><span class='ocrx_word' id='word_1_156' title='bbox 0 0 1727 4784; x_wconf 95' lang='lat' dir='ltr'><strong> </strong></span> 
     </span>
    </p>
   </div>
  </div>
 </body>
</html>
