3409 4784
456 564 489 618 28
748 560 1109 623 ementitum

829 716 1033 765 IUPPITER.

456 800 536 854 Nunc
546 815 580 853 ne
591 797 661 872 legio
671 800 858 871 persentiscat,
872 799 942 856 clam
953 801 1020 857 illuc
1030 802 1200 858 redeundum
1214 813 1255 858 est
1265 805 1344 870 mihi,

361 892 394 947 30
452 893 492 946 Ne
502 909 546 947 me
557 909 669 948 uxorem
684 893 865 964 praevertisse
876 893 968 949 dicant
977 912 1042 967 prae
1053 895 1201 968 republica.

820 1013 1042 1059 ALcUMENa

457 1096 665 1149 Lacrumantem
676 1112 710 1150 ex
721 1096 796 1151 abitu'
809 1098 956 1152 concinnas
967 1107 996 1153 tu
1007 1105 1083 1152 tuam
1095 1114 1219 1153 uxorem.

831 1216 1029 1262 IUPPITER.

362 1294 422 1373 [aaa]
725 1375 729 1382 Ι
1227 1310 1294 1356 tace.

456 1391 495 1443 Ne
513 1407 659 1463 corrumpe
668 1389 771 1454 oeulos,
788 1390 884 1446 redibo
894 1400 1026 1446 actutum.

820 1510 1035 1556 ALCUMENA

1005 1582 1010 1592 ⁸
1025 1593 1056 1649 id
1068 1602 1191 1649 actutum
1202 1595 1294 1651 diu’st.

830 1709 1030 1757 IUPPITER.

456 1797 514 1849 Non
526 1811 576 1868 ego
586 1802 612 1848 te
622 1794 668 1849 hie
678 1793 777 1849 lubens
789 1793 915 1867 relinquo
929 1811 1018 1867 neque
1028 1795 1095 1851 abeo
1104 1796 1153 1850 ahs
1164 1805 1198 1851 te.

817 1913 1039 1959 ALGUMENa

1189 2001 1285 2055 sentio.

454 2091 523 2144 Nam
533 2106 589 2161 qua
603 2096 680 2143 nocte
689 2089 724 2143 ad
738 2107 782 2143 me
792 2089 902 2154 venisti,
914 2089 1008 2144 eadem
1019 2091 1088 2145 abis.

760 2187 762 2190 ⁴
830 2208 1029 2254 rurarrea.

1027 2293 1083 2350 Cur
1093 2310 1136 2347 me
1146 2293 1239 2348 tenes?

452 2387 572 2458 Tempus
582 2393 637 2452 est;
661 2386 736 2439 exire
745 2400 780 2440 ex
793 2384 861 2438 urbe
870 2385 1032 2456 priusquam
1044 2385 1158 2441 luciscat
1167 2385 1237 2442 volo.

455 2480 534 2533 Nunc
545 2477 596 2532 tibi
607 2476 678 2531 hanc
687 2484 818 2549 pateram,
835 2494 906 2549 quae
916 2477 987 2531 duno
998 2479 1037 2532 mi
1048 2476 1106 2532 illic
1115 2478 1151 2533 ob
1161 2480 1290 2535 virtutem
1301 2480 1406 2547 datast,

454 2570 557 2625 Pterela
567 2587 616 2624 rex
626 2571 676 2641 qui
686 2570 818 2641 putitavit
832 2586 915 2640 quem
927 2586 977 2643 ego
987 2587 1047 2624 mea
1057 2569 1146 2625 occidi
1160 2588 1252 2636 manu,

455 2663 613 2727 Alcumena,
627 2662 677 2717 tibi
691 2660 824 2716 condono.

818 2779 1038 2825 ALcUMENm

811 2861 877 2917 iacis
892 2871 922 2918 ut
931 2862 998 2918 alias
1009 2881 1051 2919 res
1065 2864 1144 2920 soles.

454 2961 565 3014 Ecastor
574 2958 742 3030 condignum
751 2956 865 3020 donum,
878 2954 988 3027 quaii'st
997 2959 1045 3029 qui
1057 2957 1159 3013 donum
1174 2960 1257 3016 dedit.

810 3074 1046 3120 MERcunlus

361 3166 394 3218 to
452 3164 510 3217 lmo
523 3162 564 3216 sic
577 3161 745 3234 condignum
756 3160 869 3241 donum.
886 3157 997 3231 quali‘st
1006 3161 1051 3215 cui
1062 3160 1133 3216 dono
1143 3162 1251 3217 datu'st.

831 3278 1028 3325 IUPPITER.

362 3364 422 3442 [tta]
450 3366 556 3440 Pergiu’
567 3363 678 3420 autem?
697 3380 846 3436 nouneego
856 3381 980 3435 possum,
997 3361 1117 3427 furcifer,
1132 3372 1157 3418 te
1168 3363 1297 3435 perdere?

817 3482 1038 3529 ALCUMENa

456 3568 516 3624 Noli
527 3567 633 3631 amabo,
647 3564 819 3638 Amphitruo,
833 3567 914 3621 irasci
925 3565 1017 3620 Sosiae
1026 3582 1122 3620 caussa
1137 3581 1205 3619 mea.

833 3684 1031 3730 IUPPITER.

456 3771 563 3825 Faciam
578 3770 614 3824 ita
627 3778 657 3823 ut
668 3771 720 3823 vis.

811 3871 1047 3917 MERcuulus

736 3972 770 4010 ex
780 3973 872 4013 amore
884 3957 930 4012 hic
943 3953 1092 4010 admodum
1104 3969 1188 4026 quam
1200 3969 1299 4007 saevus
1312 3963 1364 4009 est.
