3409 4784
465 588 497 639 38
758 580 1122 638 AMPHlTRUO.

468 727 552 794 Quasi
562 727 611 798 qui
625 743 699 780 nuno
708 727 831 798 primum
841 727 958 798 recipias
972 733 997 780 te
1010 722 1124 778 domum
1135 723 1190 778 huc
1202 740 1237 778 ex
1246 723 1384 786 hostibus,

470 819 560 892 Atque
570 835 614 872 me
627 835 701 872 nunc
711 816 825 890 proinde
836 815 966 890 appellas
980 817 1060 889 quasi
1074 815 1161 872 multo
1172 824 1235 888 post
1246 814 1369 871 videris?

823 951 1067 998 AMPHI'I'RUO.

377 1039 412 1091 55
468 1037 526 1090 lmo
536 1035 665 1108 equidem
678 1045 713 1101 te,
728 1037 783 1092 nisi
793 1052 867 1090 nunc
880 1034 971 1099 hodie,
984 1052 1122 1108 nusquam
1132 1035 1191 1089 vidi
1203 1036 1339 1108 gentium.

838 1153 1058 1200 ALCUMENA.

473 1236 639 1311 Curnegas‘l

825 1351 1069 1399 AMPHITRUO.

627 1438 693 1510 quia
703 1454 765 1493 vera
776 1435 862 1492 didici
876 1436 975 1491 dicere.

840 1551 1066 1601 ALCUMENA.

964 1633 1042 1690 Haud
1053 1649 1172 1706 aequum
1187 1633 1259 1699 lacit,

424 1795 431 1808 ἱ
475 1727 529 1794 Qui
540 1729 615 1801 quod
624 1729 730 1794 didicit,
743 1729 773 1784 id
782 1728 909 1784 dediscit.
922 1745 956 1782 an
966 1724 1159 1800 periclitamini

476 1819 550 1887 Quid
567 1822 652 1876 animi
671 1820 806 1877 habeam?
827 1820 876 1877 sed
892 1818 961 1893 quid
978 1819 1034 1874 huc
1047 1837 1096 1874 vos
1108 1819 1278 1874 revortimini
1292 1828 1348 1875 tam
1359 1821 1435 1878 cito‘l

383 1909 445 1988 [tto]
473 1911 515 1967 An
529 1921 555 1968 te
564 1916 720 1987 auspicium
731 1921 929 1970 commoratum
939 1911 999 1966 est‘l
1017 1928 1051 1965 an
1065 1919 1211 1983 tempestas
1221 1913 1359 1968 continet?

383 2006 416 2058 6⁰
476 2003 529 2072 Qui
540 2023 594 2061 non
605 2007 697 2062 abiisti
711 2005 746 2061 ad
756 2006 886 2081 legiones,
900 2005 936 2060 ita
946 2004 988 2059 uti
1001 2002 1107 2058 dudum
1119 2003 1247 2058 dixeras?

831 2139 1075 2188 AMPHI'I'RUO.

478 2222 602 2279 Dudum!
624 2243 708 2298 quam
721 2225 829 2281 dudum
842 2227 914 2281 istuc
928 2219 1098 2277 factumest?

845 2343 1028 2391 ALCUMEN
1035 2341 1065 2386 A.

930 2432 1026 2489 tentas,
1042 2421 1226 2487 iamdudum,
1240 2421 1330 2478 modo.

832 2541 1076 2588 AMPHITRUO.

481 2623 535 2692 Qui
558 2626 630 2680 istuc
644 2628 716 2696 potis
736 2633 777 2680 est
789 2624 856 2693 fieri,
873 2642 985 2699 quaeso,
1001 2632 1032 2679 ut
1045 2622 1124 2687 dicis,
1138 2622 1318 2688 iamdudum,
1333 2623 1437 2681 modo?

849 2759 1069 2811 ALCUMENA.

481 2842 554 2910 Quid
564 2845 638 2899 enim
651 2844 765 2899 censes?
782 2853 808 2899 te
818 2852 849 2899 ut
859 2841 987 2899 deludam
999 2848 1090 2896 contra
1101 2841 1219 2896 lusorem
1230 2859 1333 2907 meum,

482 2933 536 3001 Qui
556 2953 629 2993 nunc
643 2937 765 3009 primum
783 2944 809 2990 te
826 2933 971 2990 advenisse
985 2933 1069 2998 dicas,
1084 2933 1164 2989 modo
1177 2935 1226 3007 qui
1239 2933 1304 2989 hinc
1314 2934 1438 2990 abieris?

836 3068 1080 3117 AMPHITRUO.

481 3151 552 3205 llaec
560 3152 673 3223 quidem
687 3151 864 3209 deliramenta
873 3153 1004 3226 loquitur.

894 3272 1016 3318 SOSIA.
1116 3282 1119 3287 “

990 3353 1130 3427 paulisper
1144 3369 1231 3416 mane,

483 3444 552 3498 Dum
561 3442 726 3500 edormiscat
736 3461 822 3500 unum
836 3463 975 3501 somnum.

790 3609 796 3620 ,
831 3564 1073 3610 AMPHITRUO.

942 3686 947 3696 ·
970 3654 1075 3720 quaene
1088 3644 1206 3720 vigilans
1219 3644 1355 3703 somniat?

845 3765 1065 3813 ALCUMENA.

482 3851 618 3922 Equidem
633 3861 736 3907 ecastor
751 3853 835 3928 vigilo
852 3864 879 3909 et
893 3854 1010 3928 vigilans
1024 3854 1053 3910 id
1066 3853 1142 3927 quod
1152 3853 1254 3909 lactum
1265 3862 1305 3909 est
1315 3853 1436 3913 fabulor.

484 3944 551 3997 Nam
566 3942 672 3999 dudum
683 3953 745 4003 mte
758 3943 848 4002 lucem
858 3956 885 4003 ot
895 3948 985 4003 istunc
999 3955 1026 4002 et
1035 3955 1061 4002 ta
1074 3945 1142 4001 vidi.
