3409 4784
588 607 651 664 Ace
667 606 700 661 ΙΙ.
716 605 760 662 Sc.
776 607 796 672 1,
812 609 949 663 30-61.

641 775 890 822 AMPHITRUO.

283 874 370 942 Quas,
382 873 496 941 maium,
509 874 617 950 nugas?
639 850 751 932 satinftu
762 892 846 930 sanus
858 873 907 930 esi

705 995 827 1040 soslm.

890 1078 931 1131 eie
941 1093 1014 1142 sum,
1030 1086 1060 1133 111
1075 1077 1160 1133 vides.

641 1195 885 1258 AMPHJTRUO.

284 1282 356 1336 liuic
366 1280 472 1336 homini
482 1279 575 1335 nescio
586 1277 707 1351 quidest
720 1278 870 1334 melimela
882 1279 1021 1335 obiectum
1031 1296 1124 1344 manu,

284 1374 432 1446 Postquam
443 1390 458 1427 1
468 1389 514 1428 me
523 1371 600 1427 abiit.

700 1490 823 1537 soslm.

598 1571 689 1639 fateor,
702 1591 766 1630 nam
780 1592 844 1630 sum
855 1574 972 1630 obtusus
986 1575 1088 1648 pugnis
1099 1591 1236 1647 pessume.

637 1692 886 1739 AMPHITRUO.

283 1776 353 1844 Quis
366 1785 393 1832 10
404 1774 576 1832 verberavit?

703 1894 825 1941 soslm.

471 1991 473 1994 ’
569 1986 677 2051 egomet
687 1986 797 2044 memet,
813 1977 864 2050 qui
877 1993 952 2033 nune
964 1993 1028 2033 sum
1041 1976 1126 2034 domi.
1300 1985 1335 2039 55

635 2096 882 2142 AMPHITRUO.

283 2180 356 2236 Cave
366 2179 526 2252 quiequam,
538 2179 593 2234 nisi
603 2178 678 2252 quod
688 2178 790 2252 rogabo
803 2186 838 2244 te,
853 2177 924 2233 mihi
935 2177 1118 2250 responderis.

283 2270 416 2327 Omnium
429 2271 551 2344 primum
564 2272 617 2326 iste
626 2271 676 2344 qui
687 2271 724 2326 sit
733 2270 819 2337 Sosia,
834 2270 886 2326 hoc
897 2269 952 2327 diei
965 2268 1037 2327 velo.

702 2389 824 2436 sosIA.

282 2474 360 2530 Tuus
370 2482 412 2530 est
424 2490 530 2529 servus.

636 2591 844 2638 AMPHITRU
850 2593 880 2637 0.

529 2675 600 2731 mihi
609 2675 722 2747 quidem
736 2693 791 2731 uno
801 2684 828 2732 te
839 2675 903 2748 plus
916 2675 998 2730 etiam
1008 2682 1050 2729 est
1062 2691 1145 2746 quam
1157 2677 1229 2745 volo,

282 2770 377 2842 Neque
385 2775 531 2841 postquam
541 2784 605 2822 sum
615 2776 704 2833 natus,
717 2767 803 2823 habui
812 2768 867 2823 nisi
878 2775 904 2823 te
913 2783 1026 2822 servum
1039 2766 1154 2823 Sosiam.
1267 2769 1329 2848 [110]

697 2902 819 2948 8081Α.

281 3003 317 3059 At
326 3020 377 3078 ego
390 3020 473 3068 nunc,
486 3001 660 3075 Amphitruo,
673 3001 744 3068 dieo,
758 3002 864 3059 Sosiam
877 3021 989 3060 servum
1001 3012 1081 3060 tuum
1296 3013 1328 3066 60

279 3097 389 3151 Praeter
399 3112 444 3150 me
454 3094 578 3161 alterum,
586 3095 710 3168 inquam
717 3094 867 3151 adveniens
877 3096 974 3152 faciam
983 3105 1015 3152 ut
1021 3095 1141 3153 offendas
1147 3097 1231 3166 domi,

280 3190 354 3246 Deve
364 3196 527 3262 prognatum
540 3197 616 3261 petre
625 3187 721 3243 eedem
732 3204 788 3259 quo
800 3205 851 3261 ego
864 3207 936 3255 sum,
949 3187 1045 3255 forma,
1057 3197 1141 3245 aetate
1154 3191 1220 3247 item

280 3281 340 3349 Qua
363 3298 414 3356 ego
427 3298 500 3336 sum.
516 3280 585 3353 quid
600 3281 691 3352 opu'st
705 3278 816 3335 verbis?
837 3281 966 3353 geminus
984 3280 1060 3336 Sosia
1071 3280 1233 3339 hiefectu'st

812 3370 874 3427 tibi.

633 3489 879 3537 AMPHITRUO.

280 3576 371 3632 Nimia
385 3592 521 3631 memoras
534 3575 612 3630 mira.
625 3573 675 3630 sed
686 3573 806 3630 vidistin’
817 3590 932 3630 uxorem
943 3572 1051 3628 meam?

697 3694 818 3740 sosm.

280 3777 354 3845 Quin
371 3778 483 3833 introire
496 3779 525 3832 in
535 3776 610 3833 aedis
619 3793 763 3850 nunquam
778 3776 884 3833 licitum
897 3782 946 3831 est.

631 3895 875 3942 AMPHITRUO.

942 3977 1006 4048 quis
1019 3983 1044 4030 te
1054 3975 1214 4048 prohibuit?
1294 3985 1328 4039 65

321 4062 505 4120 Ρ11011Α1111.
1097 4058 1117 4115 C
