3409 4784
438 625 471 680 34
730 623 1090 680 AMPHITRUO.

851 808 973 856 sosIA.

440 894 516 949 Sosia
527 893 582 957 ille,
595 910 678 965 quem
690 893 852 949 iamdudum
864 893 936 958 dico,
951 895 976 948 is
986 895 1035 966 qui
1050 910 1094 949 me
1106 893 1239 955 contudit,

790 1027 1035 1075 AMPHITRUO.

441 1112 511 1180 Quis
524 1113 587 1167 istie
597 1110 674 1166 Sosia
684 1111 744 1167 est?

851 1247 973 1293 sosls.

737 1347 795 1404 ego,
808 1333 932 1404 inquam.
945 1331 1052 1403 quoties
1063 1328 1211 1386 dicendum
1222 1339 1263 1386 est
1274 1329 1346 1386 tihi‘?

793 1465 1037 1512 AMPHITRUO.

440 1567 494 1624 Sed
504 1566 573 1640 quid
585 1565 645 1621 ais?
670 1583 737 1622 num
747 1565 939 1622 obdormivisti
949 1564 1075 1621 dudum?

852 1701 973 1748 sosu.

1066 1801 1203 1857 nusquam
1212 1785 1347 1859 gentium.

794 1919 1036 1965 AMPHITRUO.

347 2005 409 2085 [02⁰]
437 2006 478 2062 lbi
489 2004 557 2061 forts
566 2005 651 2059 istum
665 2004 690 2059 si
701 2002 819 2058 vidisses
831 2001 971 2074 quendam
985 2004 1012 2058 in
1028 2005 1132 2059 somnis
1142 2002 1258 2060 Sosiam.

855 2138 974 2184 sosls.

346 2229 380 2281 70
438 2227 497 2280 Νόη
510 2223 584 2279 soleo
594 2238 645 2296 ego
655 2220 838 2276 somniculose
847 2221 906 2276 heri
920 2222 975 2277 mei
985 2221 1100 2295 imperia
1114 2223 1251 2296 persequi.

360 2344 367 2361 ·
441 2316 563 2390 vigilans
575 2313 640 2378 vidi,
652 2311 770 2387 vigilans
781 2330 857 2368 nunc
870 2321 896 2368 te
907 2314 996 2379 video,
1009 2313 1126 2388 vigilans
1137 2312 1252 2380 fabulor,

441 2407 604 2482 Vigilantem
613 2404 660 2461 ille
670 2423 715 2460 me
725 2405 888 2461 iamdudum
898 2405 1018 2480 vigilans
1029 2408 1131 2480 pugnis
1144 2406 1275 2463 contudit.

796 2541 1041 2595 AMPHITRUO.

441 2624 510 2693 Quis
523 2623 624 2680 homo‘?

857 2759 977 2805 soslA.

610 2842 696 2906 Sosia,
709 2842 832 2914 inquam,
845 2859 896 2915 ego
908 2841 963 2897 ille.
975 2861 1085 2917 quaeso,
1102 2863 1191 2900 nonne
1201 2844 1357 2919 intellegis?

795 2977 1038 3025 AMPHITRUO.

444 3063 507 3131 Qui,
529 3060 642 3125 melum,
659 3057 816 3134 intellegere
832 3062 982 3135 quisquam
993 3064 1064 3136 potis
1075 3063 1134 3120 est‘?
1153 3066 1189 3120 ite
1202 3081 1290 3139 nugas
1299 3064 1395 3123 blatis.

857 3197 979 3246 SOSIA.

443 3283 543 3339 Verum
553 3286 675 3333 actutum
685 3295 792 3335 nosces.

797 3415 1040 3462 AMPHITRUO.

794 3497 898 3571 quem?

858 3616 977 3663 som.

910 3699 988 3755 illum
1003 3717 1098 3757 nosces
1111 3720 1221 3759 servum
1233 3701 1350 3762 Sosiam.

795 3816 1038 3865 AMPHITRUO.

444 3898 562 3971 Sequere
572 3898 623 3952 hec
634 3899 717 3971 igitur
727 3915 779 3964 me,
788 3917 850 3954 nem
862 3903 901 3956 mi
911 3902 982 3957 istuc
991 3905 1113 3975 primum
1124 3905 1397 3981 exquisitoestopus.

443 3990 497 4046 Sed
507 3990 571 4046 vide
581 4007 615 4046 ex
625 3991 688 4045 nevi
698 3988 843 4048 efferantur
853 4010 924 4066 quae
934 3995 1076 4068 imperavi,
1089 3998 1144 4053 iam
1157 3999 1258 4052 omnis.
