3409 4784
559 600 929 658 SUBDITICIA.

264 748 304 802 Iu.
331 748 361 801 Vt
369 751 395 801 ci
407 751 492 802 rastri
501 752 591 816 suqam
600 752 726 816 facereret,
737 749 802 801 illuc
811 763 852 800 mc
862 755 918 801 tuto
930 752 1079 817 reciperem.

262 842 319 894 Am.
341 840 405 894 Item
414 841 498 902 aliua,
510 842 782 894 utlcmenummatum
790 847 1127 911 mruarctcrmcrmpium.

262 933 304 986 Iu.
339 932 412 998 Quae
438 928 587 1000 pecuniae?
625 933 666 986 Bl.
697 935 791 986 racem
815 940 851 986 tu.
877 933 968 987 meu‘et
989 951 1123 1004 quaerero.
1144 941 1219 991 ecieti

765 1022 923 1077 numerum?

262 1117 306 1170 Iu.
321 1117 430 1172 Talenta
438 1121 633 1186 quinquaqinta
644 1120 736 1171 attica.
757 1116 798 1169 Bt.
810 1118 852 1171 liic
866 1123 1091 1174 ecamumimrem
1100 1131 1218 1186 enarrat,

764 1215 789 1262 et
799 1216 836 1271 tu,

265 1301 334 1367 Quat
355 1301 502 1371 Philippei?
541 1302 599 1357 Am.
621 1305 674 1355 dua
697 1304 781 1355 milia.
811 1301 851 1355 Iu.
871 1303 940 1356 oboli
959 1320 1022 1357 uero
1044 1307 1084 1358 bic
1106 1311 1218 1361 leticiam.

765 1389 927 1462 Bluterque

262 1486 326 1539 Rem
336 1494 403 1540 temet
409 1488 498 1556 probe.
510 1489 581 1539 imtue
593 1490 622 1538 im
633 1501 757 1538 crumena
771 1488 891 1539 clausum
900 1488 1014 1540 alterum
1022 1504 1077 1541 ecce
1086 1496 1209 1557 oportuit.

264 1578 304 1632 lu.
318 1577 473 1641 Attemclecic,
487 1581 536 1632 lmc
546 1582 658 1631 deutera
667 1576 706 1650 (ut
715 1575 794 1648 nacti)
803 1594 891 1646 reqem
903 1584 1020 1634 mactaui
1033 1580 1169 1647 Pterelam

263 1670 358 1739 Spolia
367 1674 454 1724 ademi
464 1679 489 1724 et
495 1679 625 1738 pateram,
637 1687 691 1738 qua
700 1668 746 1722 ille
754 1678 848 1737 potare
858 1673 951 1724 colitur
961 1680 1007 1734 eet,
1019 1677 1047 1726 im
1057 1677 1159 1730 cistella

263 1763 373 1826 Pertuli‚
385 1767 453 1817 dama
462 1768 545 1817 umeri
554 1781 626 1816 meae
634 1765 702 1824 decli,
717 1764 764 1830 qui
777 1779 836 1816 eum
845 1765 922 1816 lodic
931 1767 1002 1817 darni
1010 1767 1076 1829 laui,

263 1855 441 1924 Sacruficaui,
457 1859 543 1910 cubui.
563 1856 620 1909 Am.
631 1856 747 1909 leimilii
759 1858 823 1923 quid
832 1852 935 1909 audio?
953 1859 1087 1925 ctccpua
1095 1875 1209 1916 meeum.

268 1949 387 2016 Vi9ilame
396 1953 491 2016 quippe
500 1951 609 2001 dormio.
643 1948 1210 2016 Viqilamccammia,uiuaeetcamueimterea.

262 2040 320 2110 Eqa
334 2044 402 2095 illem
416 2043 461 2094 ille
474 2057 533 2095 uum
546 2039 701 2108 Amphitruo
719 2039 900 2107 Gorqoptmtc
913 2057 999 2108 nepae,
1010 2046 1155 2110 imperatae
1165 2049 1219 2100 tlte-

768 2133 895 2186 banorum

263 2224 298 2279 El
312 2223 431 2279 Creontic
440 2228 543 2288 unicum,
557 2224 724 2277 Teloboarum
731 2225 884 2291 perduellis,
899 2229 946 2293 qui
954 2224 1108 2280 Acarrmmee

263 2317 298 2372 Et
311 2317 422 2385 lapitas
432 2320 461 2371 ui
470 2320 526 2371 uici
538 2323 563 2369 et
571 2331 673 2370 summa
683 2332 769 2385 reqem
778 2320 876 2370 uirtute
886 2317 987 2371 bellica.

265 2411 356 2465 llliece
362 2413 481 2479 praefeci
493 2408 634 2477 Cephalum
643 2413 733 2477 maqmi
747 2408 854 2463 Deicrici
866 2410 957 2478 filium.

263 2504 307 2557 Iu.
319 2502 374 2572 qu
386 2505 455 2555 idem
465 2504 581 2556 latrones
590 2503 674 2556 locres
684 2504 751 2556 bella
760 2510 786 2555 et
794 2504 894 2556 uirtute
903 2505 1016 2556 contudi.

262 2594 436 2650 Electricmem
444 2597 617 2662 perdiderant
625 2602 732 2648 mattiae
740 2602 765 2648 et
777 2611 916 2664 qermamac
926 2599 1051 2664 couiuqis.

262 2689 400 2752 Achaiam,
418 2687 555 2751 Aetoliam,
578 2687 722 2742 Phocidem.
739 2704 789 2756 per
813 2691 884 2756 treta
908 2691 1007 2742 ionium
1025 2694 1050 2740 et
1072 2703 1179 2755 aeqeum
1194 2697 1220 2742 ct

767 2783 892 2833 creticum

266 2874 362 2941 Vaqati
370 2875 400 2926 ui
409 2874 548 2927 uamlant
556 2876 681 2939 piratica.
702 2872 758 2926 Am.
773 2872 808 2927 Di
818 2874 986 2935 immortales,
998 2874 1062 2925 milii
1070 2880 1123 2926 met

264 2967 324 3022 Non
339 2969 425 3019 credo.
438 2968 478 3020 lla
487 2969 584 3027 ommia,
599 2969 749 3034 quaefacta
759 2967 824 3028 illic,
835 2968 995 3019 ccammcim
1006 2966 1130 3032 loquitur.
1156 2967 1218 3020 Vide

264 3059 403 3126 Bleqlarc.
424 3056 465 3110 Bl.
480 3056 755 3123 Vicummpcreetiaet
763 3056 1216 3126 suatAmplitruamecfitateqemimi.

262 3151 304 3205 lu.
318 3150 388 3216 Quid
397 3152 472 3203 dicae
482 3152 551 3211 mari,
564 3152 714 3202 cicatricem
727 3152 755 3202 iu
763 3152 859 3202 deutra
869 3152 986 3204 mumulo
997 3166 1031 3204 ecc
1041 3151 1104 3204 illac
1112 3153 1219 3204 uolnere

223 3280 225 3283 .
264 3245 341 3311 Quod
364 3245 429 3298 milii
451 3245 556 3311 impeqit
576 3241 684 3294 Pterela.
725 3240 765 3293 Bl.
786 3257 844 3294 eam
865 3242 976 3308 quidem.
1016 3241 1072 3295 Am.
1093 3248 1217 3312 apposite.

766 3333 1046 3400 luuidemmacpice.

265 3430 305 3483 Bi.
326 3429 449 3497 Delcqite,
463 3430 600 3494 amiciam.
615 3425 655 3479 lu.
670 3428 824 3488 detcaimue,
835 3428 905 3479 uide.
929 3425 969 3479 Bl.
980 3443 1100 3492 supreme
1109 3427 1217 3496 Iupiter.

266 3522 337 3588 Quid
345 3526 458 3584 intuear,
470 3523 576 3587 utrique
585 3522 614 3572 im
623 3521 741 3572 muscula
750 3522 868 3579 decrero,
880 3521 967 3571 codem
976 3521 1005 3571 im
1014 3520 1079 3581 loco,

263 3614 346 3683 Siqua
355 3617 442 3667 eadem
452 3620 563 3680 apparet
570 3613 660 3679 probe,
672 3619 702 3665 ut
708 3614 824 3677 prinlum
835 3615 916 3664 caluit
925 3614 1042 3664 cicatrice
1056 3613 1167 3680 ruitum,

263 3706 417 3762 Sublurida.
459 3705 581 3758 Baliarica
590 3708 685 3796 lacem,
698 3707 826 3758 iudicium
835 3705 902 3758 silet.
945 3702 1015 3767 Quid
1027 3719 1105 3770 aqam
1115 3707 1209 3757 creceio.

305 4076 398 4132 Pcmm
408 4074 491 4131 Aura
